3092 4894
599 326 939 394 ,-12-

179 491 281 576 φίλον
313 493 338 558 δ’
367 493 527 584 Ὀρέστην
561 515 743 563 sermonem
771 497 948 581 inceperit,
981 515 1040 580 pro
1070 493 1262 576 garrulitate
1295 495 1405 576 senili,

181 631 274 696 quae,
298 615 511 698 quodcunque
525 613 559 680 in
581 620 725 680 mentem
747 615 846 690 venit,
870 612 1001 702 dicendi
1023 613 1149 678 ratione
1165 631 1230 676 nou
1253 611 1405 678 adhibita

180 730 214 793 in
238 730 323 796 idem
354 733 562 797 enunciatum
591 732 685 816 quasi
717 731 869 813 incolcet,
899 749 962 816 quo
993 732 1091 796 modo
1123 729 1213 814 loqui
1247 730 1406 814 coeperit,

180 845 283 912 oblita
298 855 364 926 est;
387 848 575 916 anacoluthi
587 853 695 916 autem
714 851 763 918 vis
783 847 925 914 hocloco
938 868 977 914 ea
990 867 1023 912 re
1043 852 1189 929 augetur,
1214 846 1299 931 quod
1313 847 1406 912 intra
1505 903 1506 906 ,

181 965 400 1032 anacoluthon
423 989 453 1034 v.
467 968 530 1033 745
552 967 700 1046 alterum,
724 967 764 1033 de
778 986 841 1053 quo
865 985 965 1051 supra
987 964 1131 1032 diximus
1143 965 1180 1049 ¹),
1203 966 1405 1031 invenimus,

265 1081 354 1149 Pers.
377 1084 440 1150 477
473 1085 635 1172 (nhhtius)
672 1081 815 1174 στρατὸς
838 1080 1055 1147 δ’-ὃνὼλλυ9’
1080 1081 1111 1146 οἳ
1133 1085 1191 1169 μὲν
1217 1083 1406 1161 πονοῦντες,
1506 1089 1507 1094 ’

183 1197 485 1291 οἳὸ’-ἐκπερῶμεν,
521 1203 580 1268 ubi
600 1222 662 1289 pro
684 1203 861 1290 participio
885 1203 971 1288 quod
993 1200 1169 1287 participio
1192 1201 1407 1286 respondeat,

181 1317 318 1383 verbum
340 1321 468 1387 finitum
489 1321 661 1387 iuvenitur.

266 1434 401 1523 Reliqua
437 1437 634 1505 anacolutha
668 1445 745 1504 sunt
777 1440 811 1504 in
846 1434 1059 1524 personarum
1095 1457 1170 1504 vere
1204 1437 1406 1518 tragicarum
1508 1439 1509 1450 ’

182 1555 402 1622 sermonibus:

269 1671 362 1738 Eum.
377 1674 527 1740 680-85
548 1671 658 1760 πάγον
671 1671 697 1760 δι’
721 1668 828 1766 ὄρειον
852 1670 1062 1739 τόνδ’-685
1077 1671 1107 1737 ἐν
1122 1673 1156 1737 δὲ
1169 1676 1229 1756 τῷ,
1252 1673 1307 1738 ubi
1328 1693 1407 1758 pro-

151 1797 153 1808 “
185 1795 258 1874 pter
282 1793 526 1876 oppositionum
550 1792 795 1871 abundantiam,
819 1791 936 1877 quihus
960 1796 992 1856 et
1014 1790 1153 1857 relativa
1175 1798 1208 1857 et
1230 1791 1407 1876 primariae

185 1909 368 1976 sententiae
391 1899 467 1975 sunt
490 1909 612 1990 addita,
642 1908 896 1977 constructionis
919 1909 1067 1994 inceptae
1090 1910 1162 1974 finis
1185 1930 1249 1974 non
1271 1910 1317 1974 fit.

269 2024 363 2092 Eum.
386 2029 449 2092 618
473 2023 527 2091 aori
552 2025 664 2091 ταῦτα
688 2022 766 2115 πρὸς
795 2022 958 2112 γονανκός,
993 2021 1067 2094 οὔτι
1096 2027 1243 2115 θουρίοις
1272 2024 1402 2108 τόξοις-

188 2139 264 2205 ἂλλ’
288 2138 328 2223 ὡς
350 2139 485 2209 ἀκούσει
511 2141 784 2240 ἀπὸ-στρατείας
805 2139 881 2234 γάρ,
913 2143 1053 2210 chinon
1085 2151 1152 2210 tam
1188 2144 1409 2212 anacoluthon

188 2280 285 2346 quam
309 2262 561 2350 brachylogiam'
575 2265 739 2330 invenisse
762 2263 840 2328 mihi
863 2263 984 2342 videor,
1008 2282 1081 2327 oum
1106 2257 1211 2340 οὕτως
1232 2269 1307 2347 post
1329 2260 1408 2326 ἁλλ’

188 2379 404 2465 supplendum
427 2386 459 2447 et
482 2378 545 2470 γὰρ
569 2381 732 2467 particula
754 2382 966 2466 epexegetica
987 2380 1236 2468 interpretanda
1258 2381 1310 2446 sit.

271 2497 323 2564 Ab
348 2497 542 2564 anacolutho
559 2498 761 2584 aposiopesis
778 2500 826 2564 ita
844 2498 962 2581 differt,
977 2503 1023 2578 ut,
1040 2517 1112 2564 eum
1126 2499 1161 2563 in
1176 2497 1230 2563 illo
1247 2500 1411 2564 sententia

187 2615 319 2701 incepta
340 2616 524 2683 inconsulto
539 2617 689 2684 adfinem
705 2637 768 2682 nou
787 2617 999 2702 perducatur,
1021 2618 1055 2682 in
1068 2616 1129 2681 hac
1147 2617 1234 2681 idem
1257 2616 1409 2681 consulto

188 2733 245 2798 fiat
267 2732 344 2818 quia
365 2735 469 2819 major
491 2736 593 2800 animi
617 2733 764 2814 affectus,
788 2734 960 2821 quominus
983 2733 1061 2820 quid
1084 2734 1218 2809 sentiat,
1240 2734 1343 2801 lihcre
1359 2735 1410 2800 di-

191 2858 255 2928 cat,
277 2873 351 2918 eum
380 2855 436 2940 qui
465 2853 609 2940 loquitur
639 2853 785 2938 impedit.
830 2853 891 2918 Est
921 2860 1029 2921 autom
1059 2851 1217 2934 gandium
1248 2851 1324 2918 Cho.
1349 2855 1409 2923 187

190 2965 253 3053 ἐγὼ
278 2968 303 3032 δ’
327 2965 414 3050 ὅπως
434 2968 569 3061 μὲν-τά
594 2968 619 3034 δ’
643 2969 950 3060 αἰνέσω-σαίνομαι
978 2970 1003 3034 δ’
1028 2963 1082 3038 ὑπ’
1107 2966 1246 3050 ἐλπίδος,
1277 2971 1328 3036 ira
1350 2973 1410 3054 Ag.

191 3088 274 3152 1619
297 3086 373 3151 ἀλλ’
409 3085 475 3153 ἐπεὶ
511 3087 615 3167 δοκεῖς
646 3086 723 3153 ταδ’
758 3084 859 3176 ἕρδειν
891 3080 952 3151 κοῦ
982 3086 1109 3174 λέγειν,
1142 3085 1259 3175 γνώσει
1298 3087 1411 3176 τάχα,

190 3211 297 3270 metus
319 3205 399 3270 mali
420 3207 538 3272 ominis
561 3206 622 3288 Ag.
644 3205 708 3270 4'6
732 3202 809 3268 ἀλλ’
833 3201 852 3292 ἢ
878 3199 917 3269 τὸ
942 3204 1238 3293 χαίρεινμᾶλλον
1270 3206 1411 3291 ἐκβάξει

191 3320 309 3408 λέγων·
354 3319 420 3387 Τὸν
445 3306 561 3387 ἀντίον
580 3321 614 3386 δὲ
636 3319 741 3387 τοῖσδ’
771 3321 967 3411 ἀποστέργω
1002 3319 1115 3409 λόγον,
1148 3325 1241 3392 dolor
1262 3328 1325 3410 Ag.
1348 3329 1413 3398 545

192 3440 228 3510 τί
249 3441 362 3512 ταῦτα
385 3443 519 3510 πενθεῖν
543 3441 606 3519 δεῖ;
630 3443 836 3529 παροίχεται
861 3436 968 3521 πόνος,
990 3441 1189 3511 infirmitatis
1213 3445 1413 3512 conscientia

194 3559 270 3625 Cho.
304 3561 385 3631 1027
419 3557 540 3643 Λοξίαν
572 3562 741 3649 χρήσαντ’
777 3555 848 3650 ἐμοὶ
882 3557 1053 3649 πράξαντι
1083 3563 1194 3654 μὲν-
1218 3555 1327 3637 sivae„
1347 3583 1410 3622 πα-

194 3677 293 3766 ρέντα
317 3670 468 3744 δ’-οἶνκ
490 3675 550 3768 ipsi
574 3675 637 3766 τὴν
661 3677 850 3768 ζημίαν.-

251 3797 321 3862 Iam
333 3799 480 3864 venimus
494 3798 537 3864 ad
548 3798 937 3878 inconcinnitatem,
954 3818 1017 3884 qua
1031 3817 1104 3864 oum
1117 3795 1195 3861 nihil
1208 3789 1411 3875 frequentius

192 3917 235 3981 sit
247 3916 334 4000 apud
343 3914 553 4000 Aeschylum,
564 3917 769 4002 potissimum
780 3915 995 4002 inaequalitas
1007 3911 1164 3979 sermonis
1176 3906 1325 3976 efficitur.
1338 3909 1413 3976 Plu÷

191 4035 276 4099 rima
294 4039 401 4098 autem
417 4037 493 4097 sunt
512 4033 671 4118 exempla,
689 4037 721 4099 in
736 4033 852 4119 quihus
867 4035 949 4098 duae
961 4030 1013 4096 vel
1032 4028 1141 4114 plures
1161 4028 1414 4095 constructionis

192 4157 314 4238 partes,
326 4170 407 4236 quae
419 4151 555 4216 eandem
567 4151 634 4216 vim
646 4151 871 4237 notionemque
882 4149 1004 4216 habent
1015 4154 1047 4213 et
1055 4146 1224 4234 particulis
1238 4131 1414 4232 conjuncte

194 4268 245 4334 vis
253 4268 305 4335 vel
316 4267 525 4356 disjunctivis
538 4267 589 4334 vel
599 4269 817 4350 adversativis
830 4269 1022 4357 conjunctae
1033 4267 1275 4349 sunt,'diversas
1287 4266 1418 4336 dicendi

193 4387 397 4404 *ιιι-ι-

272 4435 301 4506 1)
320 4451 378 4528 pag.
399 4439 423 4493 9.
442 4442 527 4496 aurunt,
