3092 4894
165 554 204 598 ox
229 531 295 597 illis
319 551 402 616 quae
426 547 528 614 supra
549 528 734 613 dixiquasi
756 526 977 592 fundamentis
997 535 1029 592 et
1044 525 1211 592 radicibus
1233 527 1387 591 dictionis

167 650 366 736 Aeschyleac
390 654 482 714 ortae
501 647 579 712 sint.
623 645 734 731 ltaque
757 665 829 712 cum
853 645 1007 711 dictionis
1030 645 1189 730 abruptae
1211 650 1245 710 ct
1265 645 1387 731 imper-

167 772 272 836 fectae
288 770 458 852 minusque
477 764 628 830 excultae
644 762 848 844 anacolutba,
860 764 1080 849 aposiopeses,
1103 762 1386 838 inconcinnitates,

168 891 336 972 asyndeta‚
366 892 517 951 austerae
539 890 572 951 et
594 883 786 966 magnificae
816 877 1020 947 abundantia
1049 881 1275 966 epithetorum,
1304 883 1386 948 ima·

166 1007 258 1087 gines
290 1003 550 1080 audacissimus,
583 999 782 1086 pleonasmi,
812 981 967 1066 audacior
996 999 1167 1065 verborum
1199 999 1385 1082 conjunctio

166 1125 301 1208 propria
322 1124 399 1201 sint,
431 1126 587 1208 quantum
611 1121 661 1185 his
685 1119 836 1185 omnibus
857 1118 1038 1204 Aeschylus
1061 1120 1094 1184 in
1117 1118 1256 1201 dialogis
1277 1119 1386 1185 indul·

162 1242 257 1323 -aerit,
279 1243 389 1306 ordine
413 1241 665 1306 consideremus.
1077 1240 1086 1256 ‘
1255 1247 1258 1252 '

174 1335 181 1350 ¹
251 1357 382 1424 Initium
407 1357 508 1440 igitur
530 1364 680 1443 petamus
705 1353 953 1422 exanaoolutho.

253 1477 318 1542 Sed
341 1497 414 1541 cum
436 1477 498 1541 viri
517 1477 709 1555 doctissimi,
731 1478 808 1562 quid
826 1477 910 1541 iuter
929 1472 1146 1540 anacoluthon
1163 1481 1196 1541 et
1216 1475 1384 1544 inconciu·
1408 1525 1410 1530 ,

58 1619 67 1636 ι
167 1595 301 1658 uitatem
314 1596 454 1666 intersit,
463 1596 550 1658 inter
561 1613 595 1659 se
608 1595 817 1668 dissentiant,
830 1595 1020 1679 priusquam
1032 1593 1199 1678 incipiam,
1212 1614 1275 1678 quo
1288 1598 1384 1663 modo
1431 1611 1435 1617 ’

169 1733 208 1780 ea
231 1714 432 1780 distinuerim
458 1713 643 1798 explicabo.
689 1712 897 1779 Anacolutha
922 1718 1031 1777 autem
1064 1710 1142 1778 mihi
1165 1715 1316 1780 videntur
1346 1735 1386 1782 ea

167 1809 349 1914 enunciata,
372 1832 428 1899 ubi
451 1833 653 1898 constructio
682 1833 783 1897 totius
806 1830 971 1896 enunciati
994 1830 1086 1896 finita
1107 1850 1173 1896 non
1195 1839 1255 1906 est,
1277 1835 1326 1899 ita
1348 1841 1385 1901 nt

165 1951 291 2037 aliquid
313 1951 408 2030 desit,
431 1947 555 2034 aliduid
578 1949 723 2016 abundet
744 1950 831 2036 quod
854 1967 896 2015 ex
918 1949 984 2016 alia
1006 1949 1103 2015 modo
1136 1953 1278 2034 cogitata
1308 1957 1408 2019 cou·'

167 2069 348 2136 structione
369 2068 522 2153 pendeat:
546 2047 740 2133 inconcinna
752 2065 808 2142 ea,'
822 2067 889 2148 ubi,
912 2086 984 2132 cum
1001 2068 1103 2134 totius
1121 2059 1385 2163 ⁴enunciatissccn-

167 2186 305 2250 structio
329 2186 498 2264 inhesit,
524 2184 673 2266 singulae
698 2185 829 2250 dicandi
850 2191 971 2271 partes,
1003 2205 1087 2271 quae
1111 2206 1210 2253 seusu
1240 2189 1326 2256 inter
1348 2209 1417 2278 seg⁴

163 2305 296 2388 junctae
318 2303 405 2384 sunt,
427 2323 493 2368 uon
516 2303 595 2390 item
619 2302 850 2388 aequalitatem
873 2305 1120 2386 grammaticam
1142 2290 1282 2372 servant.
1307 2308 1384 2386 Qni-

164 2422 224 2489 bus
238 2421 441 2518 ¹praemissis
465 2422 507 2486 ad
531 2421 750 2486 anacoluthon
773 2427 991 2486 transeamus.

248 2540 461 2606 Notissimum
484 2546 589 2605 autem
614 2540 758 2604 omnium
782 2538 1051 2604 anacoluthorum
1071 2545 1119 2605 est
1141 2542 1309 2630 participii
1324 2567 1382 2612 no-

164 2660 339 2725 minativus
372 2657 515 2739 genetivi
547 2662 605 2722 aut
628 2655 771 2722 absoluti
794 2666 851 2722 aut
873 2675 913 2720 ex
935 2657 1093 2723 vocabulo
1117 2659 1226 2746 aliquo
1256 2657 1473 2750 senten-'rste

164 2777 230 2841 tiae
251 2777 425 2860 primariae
447 2775 621 2858 pendentis
643 2773 716 2840 loco
739 2774 867 2859 positus
881 2771 959 2839 Cho.
971 2776 1035 2841 514
1047 2771 1095 2854 τὶς
1112 2772 1233 2863 ἐκχέας
1255 2751 1384 2847 πάντα·

165 2887 274 2977 μάτην
296 2891 311 2957 ὁ
330 2889 467 2978 μόχθος
477 2891 569 2957 Eum.
582 2893 623 2957 98
636 2889 699 2976 ἐγὼ
716 2891 741 2954 δ’
758 2877 813 2956 uit'
827 2890 1087 2981 α’πμτιμασμὲνι)
1103 2885 1164 2958 οὐκ
1180 2893 1383 2986 ἐκλείπεται,

164 3008 257 3075 Eum.
283 3011 343 3075 103
366 3000 648 3088 audohuu‘oirdair
676 3001 756 3099 ὑπὲρ
778 3001 844 3098 μου
857 3005 1032 3100 μηνύεται,
1054 3012 1145 3098 Eum.
1167 3015 1233 3084 469
1255 3016 1311 3081 καὶ
1333 3017 1381 3109 μὴ

164 3125 412 3214 τυχοῦσαι-ἰὸς
435 3123 533 3214 αιάνὴ
558 3132 650 3205 νόσος
672 3131 734 3205 (sc.
749 3125 871 3214 ἔσται),
891 3127 1004 3216 Suppl.
1020 3131 1083 3196 170
1095 3133 1288 3220 Ικρατοῦσα.
1299 3138 1381 3228 μὲν·

163 3242 286 3333 θράσος
309 3251 368 3323 (sc.
395 3243 481 3324 ἐστι’)
507 3244 710 3310 δείσασα-δὲ
733 3243 835 3311 πλέον
860 3245 1015 3332 ιιαιιο’ν,ῑ)
1045 3248 1263 3318 audacissime
1286 3229 1396 3323 acco-J

164 3363 261 3427 sativi
284 3364 347 3427 vim
372 3361 471 3427 hahet
499 3365 720 3429 nominativus
749 3363 934 3431 ch0.1056
964 3361 1088 3447 Λοξίου
1120 3367 1154 3432 δὲ
1176 3371 1381 3458 προσθιγὼν,

162 3471 363 3566 Ἐλεύθερον
385 3500 419 3541 σε
450 3483 567 3558 κτίσει,
603 3481 659 3546 uhi
682 3482 906 3548 accusativum
934 3483 1101 3571 participii
1124 3493 1381 3573 exspectaveris3

28 3597 47 3614 “
162 3596 316 3663 similiter
337 3597 405 3682 spt.
429 3597 492 3662 662
515 3595 640 3685 α’νὸρῶν
664 3597 689 3660 δ’
712 3598 864 3689 ὁμαίμων
898 3597 1047 3680 θάνατος
1069 3601 1124 3667 dt*
1156 3598 1382 3689 αὖτοκτονος-

162 3705 224 3779 οὐκ
248 3710 320 3780 ἔστι
344 3716 447 3805 γῆρας
468 3714 566 3781 τοῦδε
589 3714 650 3782 τοῦ
672 3713 874 3808 μιάσματος.

246 3832 451 3900 Contrarium
475 3839 534 3913 est,
569 3835 598 3902 si
621 3838 768 3921 quamvis
791 3835 973 3920 subjectum
1000 3838 1087 3905 idem
1110 3842 1164 3920 sit,
1195 3849 1303 3912 tamen
1326 3867 1381 3930 ge-

159 3952 306 4018 netivum
328 3953 495 4039 participii
517 3973 575 4039 pro
598 3955 800 4020 nominativo
824 3953 1023 4022 invenimus:
1069 3958 1131 4040 Ag.
1150 3960 1214 4026 935
1237 3963 1295 4026 σοῦ
1319 3989 1381 4053 μο-

159 4066 441 4149 λόντος-θάλπος
463 4072 628 4161 σημαίνεις
649 4070 759 4163 μολόν
779 4092 858 4158 pro:
904 4071 1039 4154 θοῖλπος
1071 4071 1183 4163 ἔμολε,
1212 4078 1397 4161 Ας.1383”

228 4323 256 4387 1)
276 4323 342 4376 alius
360 4323 463 4390 genc'ris
475 4330 515 4379 cet
523 4299 597 4378 imao.
608 4323 657 4379 745
667 4325 818 4398 πρόμαντις
837 4315 905 4382 ου’σα
916 4329 1061 4398 -γναφεὺς
1079 4320 1198 4396 τροφεύς
1209 4347 1237 4380 πε
1246 4355 1258 4366 ·
1268 4327 1380 4404 αι’χέτνμ

159 4422 202 4474 ubi
222 4423 328 4474 verbum
348 4423 411 4476 duae
430 4425 540 4494 subjecti
561 4425 737 4492 appositiones
755 4427 880 4493 seqnitur.

1179 4575 1198 4640 2
