3092 4894
650 334 922 404 ἡ..7..

95 591 100 598 ,
176 507 414 578 confirmabes“
445 528 505 596 pro
528 527 622 588 „eras
646 514 682 576 ut
705 512 760 595 qui
782 511 912 576 animos
933 509 1015 586 Ac“,
1047 507 1081 574 iu
1108 528 1175 596 ‘qua
1204 503 1401 592 iuterpreta-

178 629 268 696 tione
302 626 601 699 Schueidewinium
637 632 770 694 secutus
801 646 873 694 sum
904 625 960 706 (ci.
991 626 1192 710 Bamberger
1221 615 1337 692 Philol.
1370 628 1401 703 7,

180 745 268 825 157),
303 728 365 827 Ag}
390 746 472 811 1217
498 740 586 833 αὕτη
611 745 725 825 δίπους
757 743 874 809 λέαινα
897 765 956 832 pro
979 738 1043 825 ,,ὡς
1065 743 1130 810 dier.
1151 741 1211 822 ita,
1244 742 1317 810 Pro.
1339 743 1403 809 859

178 862 211 929 ci*
229 853 255 928 δ’
270 861 470 953 ἐπτοημένοι
491 862 615 952 φρένας
635 865 743 952 κίρκοι
767 861 929 928 πελειῶν(
951 851 1011 949 pro
1034 856 1097 942 „cur
1119 861 1267 950 κέρκοι“;
1290 860 1404 942 singu·

175 982 246 1049 lare
274 982 347 1069 *Spa
376 983 459 1058 484,
490 981 547 1048 ubi
578 981 628 1051 ita
659 983 849 1061 miscentur,
885 988 921 1049 at
949 998 1004 1064 res
1036 986 1226 1070 comparata
1257 977 1402 1058 (λέαινα.

178 1095 287 1178 αἰετός
308 1097 386 1178 etc.)¹
406 1099 453 1166 eit
487 1099 630 1177 omissa;
662 1099 804 1166 alterum
834 1099 994 1168 miscendi
1023 1116 1124 1181 genus
1148 1103 1216 1178 est,
1246 1099 1275 1164 si
1297 1117 1349 1165 res
1372 1104 1405 1166 et

102 1279 111 1288 .
176 1236 233 1284 res
260 1223 452 1305 comparata
485 1217 651 1303 particula
681 1217 894 1303 conjunctiva
929 1216 983 1284 vel
1016 1217 1215 1302 disjunctiva
1250 1216 1338 1284 iuter
1368 1235 1404 1283 se

174 1335 378 1420 junguntur:

141 1457 142 1462 ’
200 1455 262 1538 Ag
284 1456 346 1524 307
392 1449 522 1537 δ’ξος
490 1478 514 1519 τ
545 1450 730 1539 ἅλειφά’
700 1477 722 1520 τ
754 1453 878 1543 ἐγχέας
899 1445 1021 1539 caurus
1043 1448 1137 1520 κύτει
1208 1467 1212 1475 ’

396 1569 711 1684 διχοσταποῦντΜ
687 1597 739 1648 αν,
765 1565 910 1658 οὖφίλω,
935 1555 1164 1662 προσεννέποις

398 1716 454 1755 και
476 1693 543 1757 τῶν
573 1689 725 1764 ἁλόντων
749 1717 806 1756 και
839 1687 1078 1788 κρατησάντων
1102 1689 1186 1776 δίχα

394 1793 593 1896 φθογγᾶς’
579 1804 796 1877 ακοῦεινέστι
808 1805 1013 1898 pr0‚‚u'›‘uvrep
1017 1807 1246 1896 -διχοστατεῖ,
1270 1793 1405 1887 οὑτονς“,

163 1927 257 2010 Ι(7110,
280 1927 346 1995 254
369 1922 441 1992 οὔτ’
465 1927 580 1993 αἰετοῦ
604 1927 736 2014 γένεθλ’
760 1929 984 2017 ἀποφθείρας,
1007 1923 1274 2014 πέλινΠέμπειν
1298 1922 1406 2012 έχοις-

182 2039 256 2111 οὔτ’
279 2043 422 2135 ἀρχικός
436 2067 485 2110 σοι
501 2050 564 2125 πᾶς
583 2042 631 2110 ὅδ’
656 2037 812 2126 αὐανθεὶς
825 2042 963 2136 ποθμὴν
983 2046 1112 2135 Βωμοῖς
1128 2040 1245 2134 ἀρήξει
1261 2065 1321 2130 pro
1343 2039 1408 2126 ,,ὡς

182 2157 438 2230 αἰετοῦ·οι’νκᾶ“ν
462 2159 705 2250 ἔχοις-οὕτως.

267 2283 379 2376 Neque
400 2287 512 2348 tamen
535 2279 595 2347 hoc
618 2283 798 2348 secundum
822 2301 922 2366 genus
948 2283 1205 2370 comparativum
1229 2281 1334 2348 solum
1364 2300 1406 2349 ex

181 2381 320 2469 cuainn
349 2402 630 2470 constructionum
660 2404 804 2468 mixtura
827 2394 984 2488 explicari
1007 2405 1125 2488 potest,
1155 2401 1270 2468 sedin
1293 2419 1331 2468 eo
1355 2407 1407 2468 s'e-

182 2519 320 2587 cundam
345 2540 384 2585 ex
406 2519 548 2585 Homero
583 2519 812 2605 depromptam
833 2521 996 2622 ‘dictionis
1026 2518 1228 2604 Aeschyleae
1256 2497 1405 2605 proprie-

180 2642 285 2704 tatem
314 2637 519 2713 invenimus,
555 2631 836 2704 constructionem
865 2640 1110 2704 enunciatorum
1142 2656 1241 2724 saepe
1274 2641 1407 2722 parata·

182 2757 301 2824 cticam
324 2773 405 2834 esse,
420 2791 423 2796 ›
441 2755 497 2822 ubi
521 2737 765 2841 hypctacticam
787 2757 1045 2841 exspectaveris.
1091 2755 1181 2834 Quae
1205 2754 1405 2838 constructio

182 2874 268 2941 sicut
278 2873 314 2938 in
336 2891 484 2939 sermone
508 2873 645 2956 vulgari,
668 2894 729 2960 quc
753 2876 890 2962 quisque
913 2874 1021 2941 minus
1043 2873 1163 2939 litteris
1179 2872 1325 2938 imbutus
1343 2879 1406 2951 est,

182 3010 222 3058 co
246 2991 449 3077 frequentius
472 2997 661 3077 usurpatur,
683 2994 731 3059 ita
753 2993 843 3079 apud
871 2994 1049 3079 scriptores
1075 2997 1107 3058 ct
1135 2993 1309 3078 praecipue
1330 3001 1407 3079 poe-

179 3116 244 3190 tas,
268 3110 323 3197 qui
346 3110 432 3195 apud
454 3129 566 3176 omues
588 3109 656 3175 fere
679 3110 820 3198 populus
843 3111 935 3198 prius
958 3129 1056 3196 quam
1089 3111 1269 3196 scriptores
1302 3112 1405 3176 exsti·

181 3231 302 3309 terunt,
332 3247 396 3314 quo
426 3228 533 3294 miuus
565 3227 694 3294 dicandi
723 3248 836 3313 genus,
871 3249 934 3316 quc
958 3231 1030 3316 quie
1052 3229 1166 3302 utitur,
1197 3228 1405 3315 aprioribus

182 3345 347 3413 excultum
371 3352 404 3413 et
426 3345 606 3432 expolitum
629 3351 724 3434 quasi
746 3348 901 3435 adolevit,
923 3369 961 3415 eo
984 3348 1130 3415 crebrius
1153 3349 1311 3414 occurrit:
1336 3366 1405 3413 cre-

183 3461 322 3531 berrime
344 3465 445 3546 igitur
464 3463 551 3550 apud
566 3453 757 3548 Homerum,
780 3468 975 3536 creberrime
998 3466 1086 3552 apud
1104 3465 1302 3552 Aeschylum
1325 3461 1405 3553 'quo-

130 3559 137 3569 ‘
181 3601 244 3668 que
266 3585 299 3650 et
320 3588 455 3669 propter
476 3587 602 3667 generis
625 3586 745 3671 poetici
767 3587 946 3653 novitatem
969 3590 1002 3652 et
1023 3592 1158 3671 propter
1173 3584 1308 3651 Homeri
1330 3586 1405 3654 imi·

180 3700 341 3769 tationem
364 3701 540 3770 invenitur.
585 3703 655 3782 Qua
677 3704 717 3770 de
741 3721 843 3770 causa
867 3693 1109 3770 continuatione
1131 3703 1306 3770 verborum
1327 3723 1405 3790 par-

179 3817 289 3885 ticulis
319 3819 521 3904 causalibus,
549 3820 795 3930 temporalibus,
826 3821 1101 3888 conditionalibus
1134 3828 1196 3888 etc.
1229 3823 1404 3888 artificiose

181 3941 350 4004 exstructa
372 3938 504 4004 omnino
518 3940 586 4006 iere
600 3938 751 4018 abstinet,
775 3947 891 4007 contra
911 3942 1153 4006 constructione
1167 3941 1403 4025 parenthetica,

180 4053 355 4141 particulis
379 4056 585 4142 copulativis,
608 4059 825 4142 disjunctivis,
848 4060 1021 4145 praecipue
1046 4057 1281 4133 adversativis‚
1303 4058 1403 4123 etiam

180 4171 238 4255 ibi,
260 4172 316 4240 ubi
337 4172 430 4240 nulla
451 4181 508 4241 aut
536 4174 601 4243 alia
628 4175 793 4262 particula
820 4179 890 4242 erat
919 4169 1116 4262 usurpanda,
1145 4172 1259 4246 crebro
1288 4175 1401 4242 utitur.

52 4293 57 4304 '
181 4290 282 4375 cujus
304 4294 352 4360 rei
375 4293 526 4381 exempla
556 4314 640 4372 cum,
671 4296 759 4383 quod
787 4301 892 4364 totam
924 4287 1101 4362 dictionem
1134 4291 1402 4378 complectuntur,

180 4409 354 4478 innumera
375 4411 450 4494 sint,
473 4432 640 4498 perpauca
662 4411 822 4482 attulisse·
836 4411 988 4508 sufficiat,
1010 4411 1139 4478 initium
1162 4406 1276 4478 ‘autem
1298 4412 1402 4480 iacia-
