3092 4894
647 262 945 324 ..13-

170 427 204 492 iu
226 427 599 515 praedicatisAg.1518
622 447 674 506 an,
697 428 751 495 ubi
767 430 1032 516 Clytaemnestra
1053 435 1192 518 conjuge
1214 437 1396 506 interiecto

170 543 362 616 foedissimo
384 546 505 612 mortui
526 546 601 612 odio
623 545 753 628 affecta,
783 549 869 634 quin?
889 550 1009 632 gaudio
1041 553 1186 620 exsultet
1207 559 1400 641 temperare

171 665 236 734 albi
253 683 324 730 nou
354 667 482 750 potest:
526 659 605 753 πρὸς
625 661 720 750 ἡμῶν
752 661 915 731 Κᾶππεσε
944 665 1097 734 κάτθανε
1127 675 1189 736 etc.
1220 671 1294 738 Pro.
1317 676 1401 758 237,

171 781 229 850 ubi
250 780 464 849 Prometheus
494 781 708 868 pristinarum
735 786 866 879 generis
895 784 1028 853 humani
1056 788 1264 856 miseriarum
1296 791 1401 859 valde

167 904 412 970 commovetur:
448 891 513 985 ἐγὼ
536 895 566 962 d'
587 896 746 988 iro'llyaryo'
775 898 986 991 ἐξελυσάμην
1016 903 1171 993 βροτούς,
1205 906 1296 974 Pers.
1317 910 1401 993 420,

169 1019 226 1088 ubi
246 1018 382 1085 nuntius
404 1016 439 1084 iu
469 1015 564 1084 clade
593 1016 769 1086 Persarum
805 1020 1021 1089 describenda
1050 1042 1093 1088 ex
1120 1026 1196 1110 ipso
1229 1028 1400 1094 narrando

169 1155 332 1206 summum
362 1135 453 1222 capit
481 1135 628 1204 dolorem
651 1140 714 1203 etc.
737 1143 799 1204 etc
841 1138 968 1204 Eadem
993 1115 1039 1207 'de
1066 1160 1169 1208 causa
1197 1146 1400 1234 saepissime

169 1257 235 1322 duo
258 1253 391 1321 veltres
411 1253 607 1340 imperativi,
628 1256 676 1336 ut,
699 1254 754 1320 cui
768 1255 847 1340 quid
870 1257 1058 1343 imperetur,
1079 1259 1219 1326 celerius
1232 1266 1268 1328 et
1282 1267 1400 1330 atten-

168 1376 235 1444 tius
255 1372 290 1439 id
313 1375 408 1456 agat,
437 1371 599 1458 particula
620 1371 829 1454 conjunctiva
857 1381 985 1442 carent:
1009 1376 1071 1442 duo
1101 1377 1288 1464 imperativi
1312 1379 1397 1448 Cho.

168 1493 232 1560 766
255 1485 398 1578 ἄγγελλ’
431 1488 527 1556 ιὀὔσα
556 1492 704 1578 πρᾶσσε,
729 1489 822 1556 Eum.
845 1493 888 1556 94
918 1489 1275 1584 φύλασσε-πομπαῖος
1304 1493 1393 1580 ἴσθι,

167 1612 262 1678 Eum.
295 1603 357 1676 179
385 1604 525 1696 χωρεῖτ’
554 1602 840 1682 ἀπαλλάσσεσθε,
871 1609 963 1676 Eum.
987 1614 1067 1678 664.
1089 1612 1152 1679 Pro
1173 1614 1228 1686 56.
1253 1616 1316 1682 140
1336 1635 1393 1682 an.

167 1729 250 1801 698,
284 1732 355 1794 tres
375 1725 564 1813 imperativi
587 1725 662 1792 Pro.
683 1726 726 1792 68
749 1721 875 1806 ἄρασσε
892 1726 1045 1818 μᾶλλον,
1069 1731 1215 1817 σφίγγε,
1251 1732 1388 1823 μγδαμῆ

167 1842 280 1935 χάλα,
301 1844 366 1911 276
388 1841 550 1929 πείθεσθὲ
570 1866 639 1932 μοι,
662 1843 837 1917 πείθεσθε,
861 1848 1112 1935 συμπονήσατε,
1133 1847 1208 1915 Pro.
1232 1852 1302 1918 394.
1323 1853 1379 1916 941

167 1971 238 2064 stoa
271 1961 424 2030 similiter
457 1961 521 2028 duo
549 1959 730 2048 participia
758 1963 871 2050 Suppl.
893 1963 957 2031 686
978 1963 1142 2044 βλὲπσυσ’
1164 1964 1253 2042 ὁδόν,
1285 1963 1379 2053 ἄγαν·

168 2079 320 2148 κλύουσα
343 2087 405 2149 etc.

251 2199 368 2267 Restat
388 2199 521 2316 tertium
544 2200 777 2285 asyndetorum
799 2221 914 2285 genus,
937 2201 1157 2288 epithetorum
1181 2204 1387 2272 substantivo

168 2319 404 2404 adjectorum·
433 2317 541 2383 Etiam
569 2321 604 2384 in
632 2318 683 2385 his
714 2319 899 2404 asyndeton
930 2320 1253 2406 opportunissimum.
1304 2323 1389 2389 Nam

167 2457 242 2506 cum
265 2455 306 2502 ex
328 2435 403 2522 ipsa
424 2433 643 2520 epithetorum
672 2436 875 2503 abundantia
903 2443 974 2503 tota
1005 2438 1105 2505 dictio
1132 2439 1290 2524 majorem
1321 2443 1389 2507 vim

167 2563 265 2642 etque
288 2557 444 2641 impetum
467 2552 586 2637 capiat,
616 2553 833 2640 polysyndeto
856 2555 961 2621 oratio
988 2554 1116 2622 tardior
1138 2562 1171 2622 et
1202 2557 1389 2640 languidior

168 2680 200 2744 et
222 2676 329 2741 minus
352 2670 492 2741 elatione
514 2670 573 2736 illa
594 2672 695 2753 digna
715 2672 816 2740 fieret.
838 2672 949 2758 Neque
970 2673 1137 2739 tamenin
1158 2674 1210 2742 his
1234 2677 1388 2763 epithetis

168 2794 351 2879 asyndeton
379 2791 486 2858 solum
515 2790 707 2860 notandum.
741 2791 802 2858 sed
823 2792 857 2857 in
878 2791 919 2856 iis
952 2792 1213 2878 contemplandis
1242 2795 1313 2878 jam
1345 2795 1386 2862 ad
1482 2783 1486 2794 ’

167 2912 304 2977 alteram
338 2912 577 2996 proprietatum
606 2914 754 2996 partem,
794 2928 878 2995 quae
906 2907 1104 2976 edictionis
1128 2914 1321 2980 austeritate
1355 2918 1388 2980 et

169 3028 415 3112 magnificentia
436 3031 576 3106 emanat,
590 3007 774 3113 pergimus.
903 3020 904 3024 ’
1291 3041 1296 3050 ’

253 3146 400 3212 Primum
429 3145 514 3210 enim
544 3145 744 3229 Aeschyleae
777 3145 929 3211 dictionis
961 3147 1203 3229 magnificentia
1226 3148 1386 3234 epitheto·

167 3286 238 3329 rum
263 3262 464 3329 abundantia
496 3264 714 3346 cognoscitur.
757 3262 876 3329 Differt
908 3269 1017 3330 autem
1050 3264 1234 3350 Aeschylus
1262 3268 1296 3332 in
1325 3287 1386 3332 usu

168 3383 383 3468 epithetorum
413 3381 453 3448 ab
484 3401 543 3447 usu
573 3379 746 3449 Homerico
779 3402 817 3447 ea
846 3402 890 3461 ro,
926 3381 1023 3467 quod,
1055 3385 1204 3467 quamvis
1228 3385 1279 3462 iis,
1303 3404 1385 3469 quae

169 3501 319 3566 ornantia
340 3499 555 3585 appellantur,
577 3520 642 3567 uon
658 3501 787 3565 omnino
804 3505 924 3579 careat,
947 3504 1068 3580 tamen,
1084 3502 1112 3566 si
1126 3500 1221 3585 plura
1233 3501 1288 3566 uni
1310 3500 1381 3565 sub-

168 3617 312 3690 stantivo
336 3616 460 3699 adjicit,
489 3637 618 3704 semper
640 3618 764 3703 aliquid
787 3617 867 3684 certi
890 3619 1046 3703 sequitur.
1090 3620 1173 3685 Nam
1194 3619 1377 3705 plerumque

167 3757 264 3804 unam
282 3742 403 3802 certam
421 3736 714 3821 notionem‚⁰quam
733 3735 938 3801 substantivo
961 3736 1103 3817 adjicere
1126 3736 1202 3812 vult,
1229 3751 1294 3798 nou
1315 3750 1378 3796 uno

170 3853 313 3941 epitheto
344 3853 402 3918 sed
432 3846 581 3938 pluribus
612 3854 659 3920 ita
691 3853 846 3939 exprimit
870 3857 902 3918 et
924 3853 1080 3932 illustrat,
1109 3863 1145 3921 ut
1166 3851 1257 3918 notio
1284 3849 1381 3916 illae

167 3971 307 4040 diversis
337 3970 488 4055 partibus
521 3976 705 4057 pertentata
728 3977 760 4037 et
779 3976 952 4056 perspecta
974 3989 1047 4036 esse
1069 3973 1229 4039 videatur.
1274 3969 1383 4055 ltaque

168 4110 241 4157 curn
261 4092 355 4176 copia
373 4089 547 4156 verborum
571 4094 640 4154 tum
664 4087 830 4155 subtilitas
846 4090 879 4153 in
893 4087 934 4154 iis
957 4087 1116 4170 eligendis
1140 4087 1290 4156 adhibita
1311 4105 1383 4152 uos-

168 4215 254 4274 tram
276 4208 375 4275 habet
398 4205 658 4275 admirationem.
682 4205 782 4288 Cujus
804 4208 852 4271 rei
871 4205 1027 4272 nonnulla
1050 4207 1203 4290 exempla
1225 4205 1383 4287 attulisse,

168 4346 239 4392 cum
263 4330 437 4412 expausis
462 4333 576 4414 poetae
600 4326 782 4411 proprietas
805 4323 950 4406 perspici
972 4323 1087 4406 possit,
1110 4324 1191 4386 satis
1217 4323 1295 4387 erit:
