3092 4894
619 343 895 408 -4..

125 508 243 575 teritus
273 512 413 594 signum,
447 515 626 600 reperimus
634 541 642 594 ;
677 512 833 600 Aeschyli
857 479 1053 599 simplicitas
1086 531 1201 580 severa
1223 518 1256 578 et
1279 533 1350 578 nra-

120 607 242 706 'gnifica
261 631 396 716 propria
420 637 479 698 est.

211 745 324 832 Neque
346 755 456 815 tamen
479 754 604 816 certam
627 751 790 837 quandam
814 752 942 832 generis
966 750 1097 817 dicendi
1113 749 1256 845 sppoiem
1277 748 1350 814 dia-

125 861 201 945 logo
222 864 405 952 Aeschyleo
428 867 571 934 tribuera
593 887 777 954 possumus.
822 867 980 953 Aeschyli
1003 870 1087 935 enim
1112 868 1228 940 oratio,
1264 886 1350 945 oum,

127 984 287 1067 utsupra
308 983 465 1067 diximus,
498 986 624 1073 primus
647 1006 829 1053 sermonem
852 986 1015 1068 tragicum
1037 986 1070 1050 in
1094 987 1175 1051 artis
1208 985 1351 1051 formam

128 1097 301 1182 redegerit,
324 1121 485 1169 summam
507 1104 607 1172 habet
627 1099 895 1190 inaequalitatem
917 1124 983 1169 non
995 1103 1029 1168 in
1044 1103 1115 1169 sola
1137 1123 1351 1188 personarum

129 1222 162 1281 ct
184 1215 360 1285 affectuum
393 1220 585 1288 diversitate
619 1222 772 1308 positam,
807 1227 874 1287 tum
911 1240 1073 1287 summam
1106 1222 1351 1306 simplicitatem

79 1347 81 1352 ’
130 1339 163 1400 et
182 1334 367 1422 imperfecti
396 1339 531 1425 aliquid,
565 1360 650 1426 quae
672 1360 713 1406 ex
736 1359 775 1406 ea
796 1340 1005 1424 potissimum
1027 1359 1074 1420 re,
1098 1341 1183 1424 quod
1216 1360 1289 1406 cum
1318 1312 1352 1405 in

131 1451 240 1520 choris
261 1454 383 1542 lyricos
407 1464 440 1524 et
462 1460 549 1526 inter
571 1458 631 1526 hos
654 1460 834 1527 Pindarum
864 1458 1046 1546 aequalem,
1070 1458 1163 1542 cujus
1185 1459 1351 1540 ingenium

131 1572 283 1640 omnibus
304 1576 373 1646 fere
397 1595 439 1643 ex
460 1577 611 1664 partibus
634 1577 790 1664 Aeschyli
811 1577 1011 1644 simillimum
1042 1581 1123 1658 crat,
1155 1577 1246 1662 sequi
1275 1595 1353 1662 pos·

131 1694 192 1770 aet,
215 1691 251 1757 in
273 1692 413 1778 dialogis
437 1700 597 1764 neminem
620 1697 685 1763 nisi
706 1695 884 1763 Homerum
908 1696 1083 1780 etapium,
1114 1713 1252 1781 quorum
1281 1711 1353 1758 car-

132 1807 223 1874 mina
244 1830 264 1875 a
285 1830 322 1876 re
344 1815 471 1896 tragica
500 1814 609 1881 aliana
642 1818 729 1894 sunt,
761 1815 938 1882 imitandos
971 1811 1123 1894 habebat,
1146 1833 1165 1878 a
1187 1811 1281 1877 nohis
1303 1812 1354 1876 in-

131 1925 233 2010 telligi
269 1936 425 2014 possunt,
459 1934 684 1999 austeritatem
721 1937 755 1998 et
787 1931 1020 2009 acerbitatem,
1051 1930 1290 1996 obscuritatem
1322 1934 1356 1995 ct

131 2045 320 2127 audaciam,
356 2039 468 2116 omnia
496 2055 608 2118 tamen
635 2051 860 2133 magnitudine
892 2049 951 2115 illa
981 2055 1014 2116 et
1047 2047 1289 2131 magnificentia
1322 2052 1356 2113 et

131 2166 369 2234 sententiarum
395 2177 429 2235 ot
450 2169 652 2252 singularum
686 2188 804 2236 vocum
833 2169 978 2253 perfusa,
1013 2186 1095 2251 quae
1125 2175 1162 2231 ut
1192 2165 1290 2231 elatio
1322 2171 1356 2230 et

132 2281 317 2350 sublimitas
354 2263 560 2370 dialogorum
593 2289 851 2375 Aeschyleorum
892 2292 1023 2373 praetor
1059 2291 1185 2351 ceteros
1219 2284 1356 2368 propria

133 2399 201 2466 sint
223 2402 377 2471 efficiunt.
423 2405 461 2472 In
483 2407 541 2472 tali
564 2407 665 2490 igitur
700 2405 829 2472 dicendi
859 2424 976 2487 genere
1007 2402 1150 2488 primum
1181 2401 1260 2488 quid
1290 2402 1355 2466 Ae·
1433 2418 1437 2426 ·

131 2515 262 2604 schylns
284 2541 326 2589 ex
362 2522 496 2590 Homeri
519 2545 580 2590 usu
611 2524 863 2610 deprompserit,
895 2521 985 2587 brevi
1016 2519 1200 2602 ostendam,
1238 2519 1355 2585 deinde

133 2653 175 2700 ex
197 2638 396 2722 imaginibus
419 2650 451 2708 et
472 2644 584 2726 figuris
607 2661 688 2727 quae
711 2643 781 2708 dixi
803 2660 881 2707 vera
903 2658 975 2705 asse
997 2638 1137 2725 probare
1160 2637 1314 2702 conabor.
1391 2692 1395 2704 .

218 2754 367 2842 Vestigia
388 2780 466 2826 usus
488 2760 655 2828 Homerici
677 2760 765 2846 apud
786 2756 986 2842 Aeschylum
1010 2760 1149 2852 inventa
1174 2774 1241 2820 non
1269 2754 1355 2838 quod

134 2871 255 2940 adsunt
277 2897 416 2945 —nam
439 2880 513 2966 quis
535 2886 636 2966 poc’ta
657 2877 803 2946 Graccus
824 2876 912 2942 illius
935 2875 1105 2962 temporis,
1128 2893 1203 2938 cum
1225 2891 1268 2938 ex
1288 2871 1356 2937 Ho-

132 3009 223 3057 mero
267 2998 372 3062 omnis
401 2997 470 3063 iero
500 2998 610 3082 poesis
645 2995 771 3062 Graeca
803 3013 975 3063 emanasse
1008 2993 1178 3069 videatur,
1222 3009 1287 3076 qua
1315 2989 1372 3058 dc¹

133 3127 235 3174 causa
250 3119 346 3196 pater
360 3121 498 3207 poeseos
511 3113 695 3200 appellatus
706 3118 766 3184 est.
781 3112 832 3203 ‚iis
847 3113 978 3177 omnino
1003 3114 1115 3176 careat
1125 3143 1166 3157 -·
1189 3109 1247 3174 sed
1269 3107 1357 3194 quod

133 3230 215 3292 etea
225 3248 308 3314 quae
323 3253 362 3299 ex
377 3232 519 3298 Homero
535 3232 730 3318 deprompta
742 3237 775 3323 et
786 3249 825 3296 aa
839 3247 922 3316 quae
934 3248 993 3316 per
1010 3226 1195 3308 analogiam
1213 3225 1358 3292 formata

118 3351 223 3442 haunt,
245 3357 310 3414 tam
332 3350 520 3436 frequentor
536 3353 721 3427 occurrunt,
743 3354 779 3414 ut
790 3347 834 3413 ad
845 3348 944 3419 totius
965 3346 1121 3412 dictionis
1141 3345 1283 3411 colorem
1297 3343 1358 3410 ali·

134 3465 209 3548 quid
223 3466 362 3549 valeant,
376 3471 462 3534 intor
473 3469 688 3555 proprietates
699 3464 900 3552 Aeschyleas
918 3464 1011 3531 nobis
1033 3467 1110 3529 suot
1128 3463 1359 3528 enumeranda.

218 3585 328 3670 Atque
350 3588 490 3678 primum
518 3584 700 3672 permultae
731 3582 1039 3680 circumlpoutiones
1069 3585 1147 3647 sunt
1168 3579 1359 3660 iactandas,

136 3720 218 3788 quas
251 3705 284 3769 in
321 3712 459 3789 quatuor
492 3713 604 3791 partes
636 3703 784 3770 dividere
818 3720 1013 3789 possumus:
1053 3697 1358 3765 circumlocutiones

135 3839 367 3899 personarum,
402 3823 568 3900 locorum,
601 3842 729 3898 rarum,
762 3821 946 3888 verborum.
1001 3815 1038 3881 ln
1071 3815 1360 3882 circumlocationa

136 3946 247 4006 autem
284 3961 496 4027 personarum
532 3941 688 4007 nonnulla
720 3939 880 4007 vocabula
910 3936 1026 4024 quibus
1062 3933 1359 4001 circumlocutionis
1448 4021 1454 4032 ι

134 4062 226 4138 fiunt,
249 4061 333 4145 quod
354 4061 438 4125 idem
460 4061 720 4144 aiquenotiones
743 4057 1012 4141 circumscriptae
1037 4053 1154 4132 valent,
1176 4051 1257 4117 nihil
1271 4049 1360 4116 aliud

135 4179 201 4244 inis
225 4177 406 4244 ubertatem
431 4179 588 4245 orationis
613 4178 769 4256 efficiunt,
793 4195 857 4265 quo
878 4175 1041 4264 pertinent
1057 4169 1154 4260 δέμας
1168 4169 1261 4236 Eum.
1276 4167 1361 4248 87,¹y

205 4432 233 4496 l)
252 4429 380 4488 Numeros
400 4432 476 4486 cliaui
498 4447 528 4484 aa
548 4430 661 4482 odilione
681 4429 831 4482 llormauul.
