3092 4894
623 319 919 402 -17,-

151 522 238 588 μους
261 492 453 586 δορυξένους
474 496 533 578 (sc.
558 492 762 582 πέμψασα);
785 487 949 577 postremo
973 496 1077 556 totam
1099 490 1312 576 sententiam,
1334 495 1377 562 ad

154 637 257 703 quam
280 614 443 682 sententia
466 629 604 698 sequens
626 611 780 676 refertur:
804 607 880 676 Cho.
900 609 962 675 901
986 606 1138 674 τεκοῦσα·
1157 605 1220 697 γὰρ
1236 607 1271 698 μ’
1293 605 1376 700 ἔρρι-

153 736 229 821 ψας
258 731 287 812 ἐς
308 728 347 798 τὸ
383 728 562 816 δυστυχές,
597 728 652 793 ubi
684 719 779 792 οὐδὲν
800 723 924 814 σεβίζω
948 726 1167 813 supplendum
1189 727 1273 804 Cho.
1298 731 1379 796 1005

155 850 294 941 ἔδρασεν
318 841 424 938 ἢούκ
447 845 582 938 ἔδρασε,
606 845 772 934 μαρτυρεῖ
799 842 832 908 δέ
856 867 914 935 μοι
938 844 997 930 (so.
1022 842 1106 910 ἀλλ’.
1127 841 1274 934 ἔδρασε),
1307 848 1376 934 spa.

154 972 221 1036 699
245 966 325 1033 ἀλλ’
355 958 574 1048 αὐτάδελφον
606 959 691 1052 αἷμα
722 960 919 1051 δρέψασθαι
951 959 1075 1042 θέλεις
1110 963 1170 1049 (so.
1195 961 1271 1039 ἀλλ’
1301 958 1380 1053 οὐχ’

154 1086 238 1178 ἡμῖν
262 1086 397 1171 πείθῃ),
420 1085 513 1150 Eum.
536 1085 598 1150 659
622 1078 686 1167 ἐγὼ
711 1080 759 1161 δέ,
786 1076 930 1158 Παλλάς
952 1079 991 1146 τὸ
1012 1076 1072 1144 ’σὸν
1096 1077 1377 1172 πόλισμα-τεύξω

157 1205 277 1298 μέγαν,
300 1205 355 1270 ubi
377 1203 472 1290 plura
500 1201 638 1272 omissa:
662 1196 715 1264 διὰ
745 1197 849 1264 τοῦτο
879 1195 932 1277 δός
953 1223 1011 1289 μοι
1035 1199 1137 1287 vitruv·
1170 1199 1274 1266 τοῦτο
1306 1227 1380 1268 σοιὕ

79 1319 82 1326 ’
160 1322 268 1412 maclou
298 1320 403 1409 χάριν
437 1320 598 1408 μεγίστην
632 1339 682 1382 σοι
716 1313 890 1382 α’ποδὼσω.
936 1317 1023 1396 Quae
1053 1319 1200 1405 ellipse8‚
1241 1339 1380 1405 quarum

159 1443 298 1524 magnus
327 1457 481 1506 numerus
505 1441 632 1518 exstat,
664 1436 812 1522 quamvis
835 1455 918 1520 quae
940 1437 1075 1516 desunt,
1113 1437 1211 1505 facile
1234 1438 1380 1523 suppleri

161 1560 307 1644 possint,
328 1564 439 1624 tamen
462 1574 537 1622 oum
560 1552 683 1640 aliquid
706 1550 845 1638 inquieti
866 1559 899 1619 et
920 1554 1138 1620 inconstantis
1160 1555 1314 1627 habeant,
1339 1558 1389 1622 ad¹

160 1675 428 1762 inaequalitatem
453 1673 608 1741 dictionis
632 1669 837 1739 efficiendam
860 1672 997 1738 multum
1021 1672 1139 1738 valent.
1163 1719 1164 1723 =

247 1765 427 1860 Gravitatis
460 1791 664 1876 Aeschyleae
695 1796 747 1855 est
775 1790 946 1876 proprium
968 1790 1011 1855 ad
1034 1789 1193 1874 majorem
1224 1793 1381 1858 orationis

158 1913 229 1978 vim
252 1910 456 1976 efficiendam
478 1911 523 1992 id,
546 1908 635 1994 quod
658 1909 810 1977 affirmat,
833 1927 898 1973 non
918 1907 1080 1974 vocabulo
1104 1909 1301 1974 affirmativo
1323 1909 1382 1977 sed
1412 1902 1414 1906 ’

161 2029 293 2093 duabus
317 2027 553 2107 negationibus,
577 2045 716 2112 quarum
739 2025 843 2091 altera
866 2027 1036 2117 notionem
1056 2027 1084 2091 ei
1107 2025 1233 2105 notioni
1255 2027 1294 2091 de
1318 2047 1383 2112 qua

165 2144 276 2228 agitur
299 2145 484 2230 oppositam
508 2142 743 2229 complectitur,
767 2143 960 2228 exprimere.
997 2143 1109 2229 ltaque
1134 2152 1264 2229 praeter
1286 2165 1383 2212 usum
1468 2235 1470 2242 Α

161 2260 260 2328 illum
282 2266 396 2329 notum
416 2266 449 2326 ot
465 2259 611 2328 omnibus
628 2259 764 2327 Graecis
786 2260 1050 2344 usitatissimum,
1072 2261 1272 2347 qualidum,
1296 2265 1384 2348 quod

160 2380 361 2454 affirmativa¹
381 2378 544 2462 dixerunt,
566 2379 718 2462 negative
739 2384 892 2465 repetunt
918 2378 1006 2444 valui
1036 2361 1110 2445 Pro.
1132 2380 1197 2446 834
1225 2377 1385 2472 λαμπρῶς

161 2487 280 2563 κούδὲν
304 2498 521 2596 αἰρικτιρρῖως,
543 2495 631 2562 haud
646 2496 694 2561 ita
714 2515 790 2563 raro
805 2497 954 2580 liguram,
978 2516 1059 2582 quaa
1082 2495 1219 2586 λιτότρς
1240 2505 1384 2581 vocatur,

158 2615 252 2703 apud
266 2613 465 2700 Aeschylum
488 2616 672 2692 invenimus
689 2615 750 2696 Ag.
771 2614 834 2682 339
858 2607 919 2678 οὒκ
943 2609 1072 2705 ἄτιμος,
1093 2617 1156 2681 627
1180 2607 1242 2680 οὐκ
1265 2616 1385 2706 ἀμήνι-

158 2734 327 2813 τοςοεον,
353 2733 414 2798 771
430 2725 496 2797 auu
518 2723 931 2822 eorummaaooopupa
952 2709 1385 2807 recrastinationem

160 2854 227 2916 473
249 2841 497 2940 οὖτυραννικοῖς
519 2847 671 2938 τρόποις,
696 2851 779 2916 1123
803 2841 863 2914 οὒκ
888 2844 966 2913 ἄνευ
991 2848 1095 2938 δίκης,
1116 2851 1210 2916 Eum.
1233 2852 1297 2918 468
1322 2846 1383 2918 οὒκ
1500 2927 1503 2936 λ

164 2958 380 3057 εὖπρμπελος,
403 2968 476 3034 Pro.
497 2968 561 3033 279
583 2987 625 3032 an
649 2958 710 3031 orla
736 2960 903 3057 ἀκούσαις,
926 2967 989 3033 352
1013 2966 1075 3032 ndu
1100 2965 1298 3054 εὕὰγκαλος,
1321 2973 1384 3038 856

162 3084 234 3173 οὐχ
258 3085 392 3166 ἑκοῦσα,
415 3086 502 3153 Pera.
526 3065 675 3154 412'0da
699 3081 1021 3175 ἂφρασμόνωςρ476
1044 3083 1106 3151 οὐκ
1130 3079 1300 3177 εὕκοσμος.

116 3225 146 3259 κ.
249 3203 326 3280 Jam
350 3205 496 3291 sequitur
518 3203 719 3290 asyndeton,
750 3203 844 3288 cujus
867 3223 946 3269 usus
967 3206 1064 3290 ,apuu
1096 3205 1295 3292 Aeschylum
1317 3208 1384 3272 fre·

164 3321 407 3404 quentisaim'us.
451 3321 544 3400 Quod
567 3323 716 3407 quamvis
739 3321 782 3387 ad
804 3321 974 3408 inaequale
997 3326 1030 3388 et
1057 3299 1231 3408 abruptum
1254 3325 1385 3391 dicendi

166 3456 270 3519 genus
294 3438 498 3505 officiendum
520 3439 658 3506 multum
681 3437 799 3518 valeat,
822 3423 932 3505 tamen
954 3460 1020 3506 non
1042 3443 1112 3504 tam
1130 3461 1171 3505 ex
1192 3442 1386 3528 imperfecta

29 3556 55 3634 Γ·
168 3541 326 3622 oratione'
339 3563 445 3626 ortum
468 3577 565 3643 quam
588 3545 736 3624 consulto
752 3556 902 3623 omnibus
924 3558 992 3624 fare
1007 3558 1088 3624 locis
1104 3565 1297 3646 usurpatum
1313 3581 1387 3628 ease

163 3673 248 3740 mihi
270 3675 409 3742 videtur.
452 3667 537 3742 Nam
561 3695 635 3742 cum
648 3675 682 3754 ii,
707 3695 844 3761 quorum
866 3677 966 3742 animi
987 3675 1210 3744 vehementius
1233 3684 1290 3745 ant
1304 3696 1386 3761 gau-

162 3792 218 3858 dio
236 3796 295 3857 aut
310 3792 423 3860 dolore
440 3796 498 3859 aut
512 3793 563 3858 i'ra
576 3800 633 3858 aut
647 3771 875 3860 misericordia
897 3799 954 3861 aut
972 3813 1029 3880 spe
1051 3799 1108 3860 aut
1124 3801 1212 3862 metu
1235 3799 1388 3862 commoti

113 3907 127 3920 '
164 3915 254 3989 sunt,
268 3915 313 3988 ut,
328 3909 408 3995 quid
419 3909 575 3994 sentiant,
589 3931 686 3997 quam
701 3910 870 3978 celerrime
883 3912 919 3978 in
936 3913 1038 4003 narba
1053 3911 1231 3991 effundant,
1244 3933 1386 3978 summo·

163 4046 243 4111 pere
266 4026 430 4107 studeant,
448 4027 539 4107 ,tales
557 4027 704 4094 homines
727 4031 916 4115 asyndetice
939 4030 1108 4116 loquentes
1132 4015 1253 4116 optimo
1272 4031 1387 4114 jurea

163 4144 270 4231 podiis
303 4150 336 4212 et
370 4145 546 4232 praecipue
565 4145 594 4214 'a
615 4147 751 4230 tragicis
781 4148 989 4215 inducuntur.
1041 4148 1170 4235 Optime
1204 4154 1312 4214 autem
1346 4168 1387 4214 ex

165 4261 316 4336 omnibus
338 4263 474 4348 tragicis
488 4264 651 4351 Aschylus
673 4266 813 4332 olfactus
836 4267 1017 4332 animorum
1030 4265 1187 4351 depingit,
1211 4286 1286 4348 ergo
1299 4266 1387 4352 apud

166 4398 241 4446 eum
263 4379 405 4466 plurima
428 4383 589 4466 asyndeta
609 4386 827 4450 inveniuntur.
874 4383 1063 4470 Reperimus
1093 4385 1195 4467 igitur
1228 4381 1388 4467 asyndeta

1154 4545 1193 4626 ,a
