3092 4894
605 359 903 424 „25-

128 528 280 600 ἂντολαὶ
314 530 510 618 (clopedera,
546 529 686 616 pulchra
715 529 824 597 forma
856 528 933 596 Gho.
970 530 1035 598 484
1058 530 1156 611 δδςδΔ
1182 526 1355 625 εὔμορφον

132 647 276 741 κράτος
310 651 410 718 etiam
444 650 602 716 audacius
636 647 732 714 alteri
766 648 914 735 corporis
944 650 1032 736 parti
1064 649 1170 720 altera
1205 655 1358 739 adjicitur

133 769 251 858 Suppl.
263 769 325 836 746
338 765 427 859 φρὴν
441 762 638 854 εύγλωσσος,
652 766 723 854 Spa.
734 767 800 833 604
810 764 955 846 ποδῶκες
966 760 1073 857 ὄμμα,
1087 768 1157 856 Spt.
1168 770 1232 837 535
1243 769 1320 864 χεὶρ
1333 773 1359 838 δ’

136 888 214 978 dque
227 907 282 956 res
298 908 371 954 cum
386 887 496 954 verbis
510 886 561 953 vel
572 886 743 970 adjectivis
751 884 944 969 junguntur,
965 883 1082 972 quibus
1094 888 1182 954 actio
1196 891 1358 975 quaedam

134 1027 354 1096 personarum
377 1006 513 1092 propria
535 1005 744 1092 exprimitur:
768 1023 843 1069 cum
856 1003 1043 1088 adjectivis:
1067 1004 1161 1071 turbo
1179 1006 1359 1090 ignivomus

136 1127 212 1194 Pro.
233 1127 298 1194 373
324 1124 461 1205 βέλεσιν
494 1118 663 1212 πυρπνόου
688 1119 799 1209 ζάλης,
832 1121 943 1204 fulgur
975 1122 1176 1206 ignivomum
1199 1124 1272 1194 Pro.
1295 1130 1358 1198 921

141 1245 241 1325 βέλος
259 1239 428 1334 πυρπνόου
450 1231 571 1308 ler'rum
594 1240 754 1327 celeripes
775 1239 853 1306 Cho.
871 1239 937 1306 570
957 1237 1100 1306 ποδώκει
1124 1237 1359 1335 χαλκώματα

142 1379 215 1432 cum
244 1363 354 1431 verbis
384 1363 445 1444 Ag.
480 1360 562 1426 1317
599 1351 636 1424 ού
671 1351 894 1442 καθεύδουσιν
928 1359 1024 1448 χερί,
1060 1363 1213 1446 queniam
1248 1371 1360 1434 utrum

138 1485 239 1571 „peip
262 1505 328 1571 μου
352 1471 510 1545 καθεύδει
535 1497 578 1544 an
599 1466 777 1560 ,,καθεύδω
801 1477 914 1566 χειρίδι
939 1475 1038 1557 (licat,
1062 1479 1259 1550 adsensum
1278 1485 1361 1553 nihil

138 1600 261 1686 differt,
283 1599 346 1682 Ag.
369 1599 452 1665 1138
474 1590 626 1686 χρησμὸς
647 1591 742 1662 ἔσται
766 1591 932 1684 δεδορκώς,
949 1593 1045 1663 Eum.
1062 1597 1127 1665 552
1149 1595 1236 1688 ὀσμὴ
1259 1581 1361 1692 'W'

136 1719 293 1808 γελᾷμε,
316 1715 467 1785 choen
489 1734 531 1781 an
553 1713 663 1803 μῦθος
683 1709 765 1778 τάδε
788 1713 905 1796 φωνεῖ,
928 1712 985 1779 ubi
1006 1712 1247 1784 substantivum
1270 1722 1363 1788 eimi-

137 1839 183 1905 lis
195 1842 293 1923 atque
304 1835 438 1918 verbum
461 1831 720 1916 significationis,
744 1831 842 1917 quod,
864 1830 1031 1915 objectum
1053 1851 1125 1901 esse
1140 1834 1262 1918 debuit,
1284 1841 1362 1908 sub-

132 1958 348 2042 jectumcet,
370 1972 446 2019 nam
471 1946 645 2041 ἅνθρωποι
669 1948 792 2021 τοῦτον
815 1944 874 2014 τὸν
896 1948 1008 2037 μῦθον
1033 1950 1182 2034 φωνοῦσι
1206 1955 1240 2021 in
1261 1977 1363 2043 prosa

138 2075 289 2143 oratione
311 2076 382 2139 erat
403 2071 578 2138 dicendum
600 2068 693 2156 (item
701 2067 851 2154 Sophocl.
875 2065 989 2134 Trach.
1013 2067 1077 2135 345
1102 2061 1157 2156 χώ
1181 2069 1281 2158 λόγος
1302 2097 1359 2164 ay.

138 2192 288 2286 μαινὲτω
314 2211 374 2276 pre
396 2186 499 2275 λόγον
522 2189 674 2274 σήμαινε,
696 2192 729 2252 ct
750 2186 829 2253 Oed.
846 2183 912 2252 Col.
935 2185 999 2252 658
1021 2183 1149 2252 collui
1166 2186 1192 2252 δ’
1206 2189 1362 2258 ἀπειλαὶ·

141 2308 406 2401 κατητείλκσαν,
430 2307 470 2375 de
493 2326 604 2393 quare
627 2303 816 2372 conferend.
838 2302 989 2370 Benloew
1012 2303 1053 2373 de
1077 2305 1219 2404 dictione
1235 2310 1360 2398 Sopho·

79 2421 83 2428 ’
141 2432 212 2498 olea
234 2448 310 2516 pag.
335 2427 407 2509 1e);
441 2432 606 2513 postremo
628 2422 840 2506 singulariter
862 2419 1004 2500 βλέπειν
1026 2441 1086 2510 pro
1111 2417 1193 2489 εἶναι
1219 2431 1361 2513 positum

140 2557 193 2618 eet
215 2548 295 2615 cho.
310 2548 383 2612 830
405 2546 471 2623 πῶς
492 2541 591 2609 ταῦτ’
615 2539 730 2629 ἀληθῆ
755 2537 810 2604 καὶ
833 2537 1010 2620 βλέποντα
1033 2538 1176 2625 δοξάσω.

227 2665 349 2744 Quibus
372 2661 531 2730 absolutis
553 2681 652 2727 unum
675 2666 788 2740 restat,
812 2667 849 2727 ut
871 2657 912 2725 de
930 2650 1159 2728 audacioribus
1190 2664 1363 2733 verborum

141 2783 430 2870 conjunctionibus
452 2781 567 2866 paucis
590 2781 803 2866 disputemus.
827 2777 916 2843 Nihil
930 2783 1039 2844 autem
1061 2781 1148 2865 apud
1164 2771 1361 2869 Aeschylum

139 2904 356 2991 frequentius,
377 2899 459 2966 nihil
481 2898 524 2964 ad
545 2902 651 2964 totum
680 2897 809 2963 dicendi
838 2915 941 2978 genus
973 2895 1218 2980 intelligendum
1252 2904 1376 2987 aptius,

79 3101 85 3112 ¹
140 3041 241 3114 quam
261 3020 396 3087 licentia
417 3022 450 3084 et
473 3017 613 3083 audacia
633 3015 667 3080 in
689 3015 906 3098 grammatica
927 3014 1098 3081 verborum
1122 3016 1363 3101 conjunctione

140 3143 223 3209 haec
235 3136 443 3225 potissimum
456 3156 520 3217 res,
531 3134 724 3220 praesertim
738 3153 808 3199 uum
822 3151 951 3198 summa
964 3133 1219 3218 compositorum
1230 3136 1363 3208 ubertas

142 3263 352 3343 summopere
375 3275 445 3320 eam
469 3253 614 3337 adjuvet,
644 3253 822 3436 oratiossem
847 3251 978 3338 saepius
1001 3256 1182 3319 contortam
1207 3261 1239 3321 et
1260 3260 1363 3341 turgi-

142 3377 218 3446 dam
242 3381 274 3441 et
297 3373 470 3440 obscuram
493 3371 611 3450 reddit,
643 3391 726 3457 prop
811 3371 906 3456 quem
939 3375 1102 3436 tumorem
1126 3376 1158 3436 et
1180 3372 1363 3441 obscurita-

142 3501 210 3563 tem
242 3491 441 3578 Aeschylum
465 3488 649 3576 apostatis
678 3489 812 3554 irrisum
835 3496 868 3555 et
903 3487 1085 3570 neglectum
1119 3507 1191 3554 esse
1224 3493 1362 3573 scimus;

142 3631 248 3698 neque
270 3607 468 3695 Aeschylum
490 3627 722 3692 nonnunquam
745 3606 878 3672 modum
901 3607 1085 3674 excessisse
1109 3609 1218 3688 negari
1242 3615 1362 3696 potest.

142 3731 210 3798 Sed
232 3747 304 3796 oum
326 3732 397 3794 tota
420 3725 523 3792 dictio
543 3743 705 3791 summam
740 3723 860 3790 habeat
893 3726 1170 3807 magnificentiam
1193 3732 1226 3794 et
1247 3729 1365 3813 majes-

143 3855 258 3926 tatem,
280 3864 442 3912 summam
473 3844 696 3928 granditatem
719 3850 752 3910 et
781 3842 1026 3923 sublimitatem,
1055 3862 1216 3910 summam
1243 3845 1310 3910 vim
1332 3851 1366 3913 et

143 3966 329 4044 elationem,
352 3961 382 4029 si
402 3963 488 4048 apud
511 3981 607 4047 quem
632 3963 720 4048 apud
741 3959 941 4046 Aeschylum
963 3965 1091 4028 tantam
1113 3961 1243 4028 dicendi
1261 3961 1365 4031 licen-

141 4084 235 4162 tlam,
258 4083 377 4168 quippe
401 4100 484 4165 quae
507 4085 608 4147 atoto
632 4079 760 4146 dicendi
784 4098 902 4162 genere
924 4080 1057 4147 minime
1072 4079 1247 4164 discrepet,
1269 4079 1366 4148 iacil-

142 4203 219 4270 lime
238 4201 336 4267 'ferre
361 4205 559 4285 possumus:
582 4198 739 4264 ‘Initium
768 4201 880 4266 autem.
909 4198 1070 4264 faciamus
1103 4197 1152 4262 ab¹
1174 4184 1365 4284 hypallage,

143 4339 227 4406 quae
250 4318 338 4404 apud
361 4319 485 4384 ceteros
509 4336 635 4403 quoque
656 4323 772 4401 poetas
795 4316 986 4392 invenitur:
1022 4313 1084 4398 Ag.
1107 4314 1149 4380 53
1172 4335 1217 4381 an
1238 4314 1365 4406 δεμνιο-

144 4438 231 4526 rr'ppp
254 4431 354 4502 πόνον
386 4432 591 4522 ὀρταλίχων,
623 4435 687 4500 482
721 4429 850 4516 δεκάτῳ
886 4431 1006 4518 φέγγει
1039 4427 1142 4511 ἔτους,
1172 4431 1236 4500 559
1268 4430 1367 4524 χάρις

1150 4601 1173 4662 4
