3092 4894
608 373 907 442 ..ιο-

138 542 335 614 Ευῑο.’676
386 543 509 635 κερδῶν
532 533 679 612 άθικτον
701 544 806 611 τοῦτο
828 531 1095 632 βουλευτήριον,

30 655 32 662 ’
388 663 524 736 αίδοίον,
549 655 733 752 ὀξύθυμον,
757 653 919 728 εὑδόντων
942 655 1024 748 όπερ

386 779 561 874 {vaccua
582 775 778 872 Φενΰεενν,

210 904 338 992 Suppl.
365 905 428 971 887
463 905 573 992 Ἑρμό
606 901 757 993 μεγίστῳ
792 897 942 990 προξένῳ
978 897 1170 989 μαστηρίῳ,
1207 897 1282 964 Pro.
1303 895 1367 962 373

31 1033 35 1056 ’·
120 1026 260 1114 θερμῆς
302 1021 492 1107 ἀπλήστου
530 1018 647 1100 βέλεσι
684 1016 857 1109 πυρπνόου
894 1013 1016 1106 ζάλγς,
1039 1015 1112 1083 Pro.
1147 1016 1210 1082 928
1233 1010 1369 1079 θαλασ-

31 1171 32 1174 ’
123 1142 201 1206 σίαν
237 1167 280 1208 τε
317 1145 383 1228 γῆς
412 1135 627 1228 τινάκτειραν
665 1134 771 1219 νόσον,
820 1131 991 1227 Τρίαιναν,
1036 1130 1168 1225 αἰχμὴν
1201 1129 1263 1220 τὴν
1298 1145 1368 1201 Πο·

31 1256 34 1294 ;
126 1260 303 1342 σειδῶνος,
350 1259 422 1346 Spe.
455 1258 518 1324 251
553 1251 745 1344 ὀλολυγμὸν
780 1251 865 1351 ἱερὸν
909 1245 1030 1342 εύμενῆ
1064 1249 1258 1329 παιάνισον,
1289 1247 1369 1314 Ἑλ-

128 1375 273 1467 ληνικόν
312 1375 463 1468 νόμισμα
495 1369 664 1454 θυστάδος
694 1373 778 1458 βοῆς
800 1379 861 1440 otc.
892 1371 1079 1438 conferend.
1110 1370 1179 1457 Spt.
1208 1363 1367 1439 553456.

129 1497 299 1578 cal-92,
323 1495 414 1562 Pers.
426 1495 448 1560 6
461 1515 512 1560 an.
531 1493 604 1560 311.
618 1492 731 1577 Suppl.
750 1492 821 1557 163.
838 1491 911 1559 399.
923 1488 997 1556 Pro.
1019 1490 1092 1561 662.
1107 1490 1170 1571 Ag.
1190 1491 1368 1570 1232533,

134 1613 231 1678 Eum.
256 1616 311 1680 23.
334 1614 399 1679 466
422 1588 766 1697 οισιρολγεγοᾱοίοιι
788 1610 972 1675 invenimus
994 1609 1056 1690 Ag.
1080 1608 1164 1675 1402
1188 1602 1210 1694 ιῖ
1231 1605 1262 1672 τ’
1286 1610 1368 1696 αἰχ-

136 1726 301 1812 μάλωτος
323 1727 379 1818 ἥδε
404 1727 460 1793 καί
496 1724 702 1818 τεράσκοπος
726 1723 782 1792 καί
808 1724 1040 1815 κοινόλεκτρος
1070 1721 1174 1812 πιστὴ
1206 1719 1368 1807 ξύνευνος,

137 1849 313 1922 ναυτίλοις
335 1847 368 1912 δέ
391 1846 554 1932 σέλμασιν
577 1815 775 1934 Ἰσοτριβὴς,
805 1843 863 1910 ubi
885 1843 1155 1929 Clytaemnestra,
1188 1844 1267 1929 quid
1289 1843 1368 1909 Cas·

139 1968 286 2032 sandrae
308 1966 427 2052 probro
451 1968 570 2035 vertat,
594 1964 688 2049 quasi
710 1984 768 2049 per
790 1963 912 2045 digitos
936 1967 1113 2028 enumerat.

231 2083 359 2148 Deinde
393 2083 574 2168 pleonasmi
597 2100 691 2146 usum
715 2082 802 2165 apud
838 2080 1035 2165 Aeschylum
1064 2079 1225 2148 latissime
1254 2086 1367 2166 patero

144 2200 342 2267 invenimus.
385 2199 563 2284 Praecipue
586 2205 696 2266 autem
719 2201 976 2285 compositorum
997 2197 1199 2263 abundantia
1225 2202 1258 2265 et
1278 2215 1367 2263 oom-

142 2319 289 2404 ponendi
311 2318 459 2396 audacia,
493 2337 556 2402 qua
577 2316 761 2402 Aeschylus
786 2322 913 2382 ceteros
936 2316 1078 2396 tragicos
1101 2314 1197 2397 longe
1222 2320 1366 2402 superet,

144 2435 280 2503 ubertas
301 2434 360 2500 illa
382 2435 555 2500 verborum
579 2435 729 2514 efficitur,
752 2452 818 2520 qua
840 2453 946 2500 sermo
970 2439 1102 2499 ornatus
1126 2434 1218 2500 etad
1238 2436 1367 2516 magni-

144 2553 308 2620 ficentiam
331 2559 363 2619 ct
385 2551 596 2638 splendorem
618 2552 722 2646 elatus
745 2554 888 2618 maxime
912 2553 952 2618 ab
964 2553 1142 2637 Euripiden
1163 2550 1282 2631 differt,
1305 2553 1367 2618 ali-

144 2676 302 2757 quantum
320 2668 548 2755 aSophooleo‚
573 2671 664 2754 oujns
687 2670 869 2756 pleonasmi
892 2689 1022 2754 semper
1045 2669 1193 2736 consulto
1216 2672 1366 2754 usurpati

146 2809 218 2857 esso
240 2789 414 2856 videntur(
424 2790 537 2874 Neque
553 2794 663 2855 tamen
686 2788 791 2855 solum
806 2809 847 2856 ex
864 2808 925 2854 usn
943 2788 1208 2871 compositorum,
1233 2807 1316 2873 quae
1329 2795 1366 2854 ut

147 2907 354 2991 pleonasmus
376 2907 444 2982 fiat,
467 2926 539 2972 oum
563 2907 752 2992 synonymis
774 2904 1007 2972 vocabulorum
1023 2923 1095 2970 cnm
1117 2903 1160 2970 iis
1177 2904 1366 2987 conjuncto·

133 3019 218 3090 'rum
240 3025 423 3110 composita
444 3025 510 3090 sint
538 3040 674 3090 necesse
697 3029 756 3104 ost,
779 3022 959 3089 sedetiam
987 3031 1253 3108 synonymorum,
1283 3043 1366 3109 quae

31 3219 32 3224 ,
143 3143 357 3225 grammatice
388 3161 461 3208 cum
491 3143 680 3227 synonymis
710 3141 897 3225 junguntur,
927 3138 1109 3226 pleonasmi
1140 3140 1221 3206 oriri
1248 3140 1367 3208 solent·

143 3259 195 3326 Ex
209 3259 261 3326 his
279 3261 381 3342 igitur
399 3259 599 3345 pleonasmis
618 3279 692 3327 oum
714 3258 930 3346 simpliciores
950 3277 1048 3344 quam
1061 3257 1112 3323 illi
1126 3262 1214 3342 sunt,
1236 3259 1366 3324 initium

145 3357 314 3445 iaciamus.
604 3382 612 3395 '
692 3375 724 3458 J

98 3502 104 3512 '
227 3494 442 3602 ¹substantiva
455 3517 527 3564 oum
540 3497 691 3581 genetivo
705 3498 903 3565 substantivi
911 3496 1104 3581 junguntur,
1125 3497 1212 3582 quod
1226 3496 1365 3563 eandem

142 3613 197 3682 vel
217 3614 359 3681 similem
381 3617 546 3682 notionem
572 3621 670 3702 atque
692 3613 933 3684 substantivum
955 3634 1073 3698 regens
1097 3613 1149 3682 vel
1166 3614 1364 3698 adjectivum

140 3753 217 3800 cum
240 3731 297 3798 illo
316 3733 467 3817 junctum
488 3733 604 3800 habel:
626 3733 735 3800 Prae
758 3731 789 3798 ἐν
808 3733 988 3823 ἀρρήκτοις
1002 3731 1115 3812 πέδαις
1132 3730 1365 3821 ἀδαμαντίνων

139 3850 283 3940 δεσμῶν,
315 3849 389 3917 Pro·
413 3851 476 3918 885
499 3872 542 3919 an
564 3845 686 3940 λύσσγς
713 3845 880 3943 πνεύματι
911 3853 1052 3942 μαργςό,
1083 3850 1174 3918 Pers.
1196 3852 1259 3918 431
1283 3872 1366 3943 συμ-

137 3965 236 4058 φορά
259 3951 402 4049 παίδους,
425 3969 516 4035 Pers.
528 3971 590 4036 231
614 3965 692 4059 πρὸς
714 3969 851 4058 δυσμαῖς
871 3967 990 4037 Ἠλίου
1015 3965 1279 4057 φθινασμάτων,
1301 3969 1364 4052 Ag.

136 4086 206 4154 525
229 4079 379 4174 δύσφρον
402 4079 524 4172 στύγος
543 4088 674 4177 φρενῶν
702 4085 782 4154 Pers
810 4088 875 4156 538
906 4107 949 4154 an
982 4084 1132 4176 λέκτρων
1163 4077 1264 4151 εύναί.
1288 4105 1363 4154 cum

139 4203 306 4288 adjectivo
334 4203 386 4271 vel
406 4205 565 4272 infinitivo
588 4205 663 4273 Pro.
684 4205 748 4290 255
771 4204 835 4296 πύρ
859 4204 1059 4291 φλογωπόν,
1094 4202 1167 4269 Pro.
1193 4204 1276 4270 1024
1297 4227 1363 4291 μα-

30 4363 31 4368 1
141 4315 221 4412 κρδν
243 4323 351 4410 μῆκος
370 4317 510 4413 χρόνον,
532 4323 682 4391 Promo
703 4325 895 4414 μνηστῆρας
915 4316 1034 4411 γάμων
1058 4319 1148 4387 Pers
1167 4319 1233 4388 422
1256 4326 1288 4389 et
1299 4323 1365 4389 462

139 4435 308 4527 πελαγίαν
332 4434 415 4515 lla,
432 4443 495 4525 Ag.
515 4443 598 4517 1244
613 4433 789 4531 ὑπτίασμα
812 4439 964 4531 κειμένου
983 4438 1059 4514 cho.
1074 4439 1137 4507 164
1150 4436 1365 4530 εόσόμβολον
