3092 4894
585 373 883 441 ..23-

29 565 30 586 ¹
106 556 215 620 fortes
240 553 312 620 viri
337 570 409 618 eum
433 547 606 616 incudibus
629 545 720 614 Pers.
740 545 783 611 52
797 565 840 611 an
863 539 1010 631 Μάρδων
1034 539 1191 633 Θάρυβις,
1214 541 1345 633 λόγχης

109 667 275 763 νίκμονες;
301 669 432 736 animus
451 668 560 753 justus
584 684 667 734 eum*
681 681 760 746 agro
782 661 885 729 fertili

150 840 225 930 spo.
248 841 321 907 574
347 839 497 918 βαθεῖαν
521 830 633 900 όλοκα
656 829 709 896 διὰ
733 826 851 920 φρενὸς
873 823 1110 921 καρπούμενος,

350 951 414 1040 ἔφ’
437 940 473 1043 ἧς
493 948 537 1020 τόν
561 946 658 1016 κεδνὰ
678 944 868 1029 βλαστάνει
890 943 1135 1040 βουλεύματας

111 1131 162 1197 sol
197 1147 278 1195 oum
311 1123 399 1209 gallo
430 1122 611 1206 gallinaceo

112 1295 232 1385 Suppl.
251 1296 318 1364 199
340 1287 420 1377 ,ςκαὶ
443 1288 542 1381 Ζηνὸς
563 1283 652 1380 όρνιν
673 1286 768 1356 τόνδε
791 1289 847 1356 νόν
865 1283 1098 1376 assiduatum

342 1411 460 1480 chorus
480 1406 676 1500 ,,νιαλοῢμεν
699 1397 803 1495 αι’νηᾶς
825 1405 963 1494 ἡλίηυιι;

120 1585 283 1670 strepitus
306 1583 407 1647 maris
430 1599 504 1650 eum
525 1581 593 1646 risu
615 1578 689 1644 Pro.
710 1577 755 1644 90
775 1577 920 1643 ποντίων
941 1600 980 1643 τε
1003 1559 1163 1666 κυμόιων
1190 1573 1348 1665 'drippi-

123 1725 189 1782 μον
208 1699 370 1793 γέλασμα
393 1697 450 1784 (de
472 1717 538 1784 qua
562 1696 703 1778 imagine
726 1696 784 1761 eir.
807 1694 946 1761 Bloomf.
970 1692 1070 1777 gloss.
1093 1695 1129 1758 in
1150 1692 1256 1759 Prom.
1280 1693 1347 1777 90);

123 1820 234 1908 pulvis
262 1817 328 1883 luti
356 1815 461 1882 irater
492 1820 627 1880 voeatur
664 1813 723 1896 Ag.
751 1813 815 1879 473
847 1809 934 1890 κόνις
962 1807 1055 1890 κάσις
1077 1808 1205 1898 πηλοῦ;
1238 1813 1347 1877 fumus

122 1941 211 2022 ignis
232 1937 336 2002 frater
350 1936 421 2022 Spe.
436 1934 501 1999 474
517 1926 634 2016 λιγνὺν
656 1927 831 2021 μέλαιναν,
854 1928 973 2014 αἰόλην
998 1924 1098 2018 πυρὸς
1120 1925 1234 2008 κόσιν;
1257 1929 1350 1995 deni·

122 2077 191 2142 que
215 2055 385 2122 carissima
407 2069 552 2138 quaeque
574 2049 660 2116 uouli
682 2047 905 2134 appellantur:
928 2048 1119 2133 praesentia
1140 2047 1265 2114 domini

283 2219 372 2288 Pero.
399 2222 458 2286 167
636 2213 726 2307 ἀμφὶ
751 2215 776 2280 δ’
800 2214 995 2306 ὀφθαλμοῖς
1016 2213 1135 2299 φόβος.

376 2349 379 2358 “
497 2329 593 2426 όμμα
608 2332 671 2424 γὰρ
696 2332 804 2424 δόμων
818 2333 941 2425 νομίζω
966 2330 1131 2399 δεσπότου
1154 2335 1351 2423 παρουσίαν,

129 2494 295 2562 dominum
318 2487 390 2577 ipso

345 2659 423 2728 cho.
446 2659 509 2725 921
640 2655 732 2722 τοῦδ’
753 2651 843 2746 όμως
864 2649 1056 2744 αἰτούμεθα

534 2771 721 2863 ὀφθαλμὸν
744 2770 844 2838 οἴκων
866 2769 914 2862 μὴ
938 2771 1156 2860 πανώλεθρον
1179 2775 1301 2845 πεσεῖν,

137 2947 225 3012 cives
247 2945 381 3028 ingenui
402 2949 432 3012 et
456 2964 568 3011 eorum
591 2941 688 3010 liberi
709 2955 895 3031 uxoresque

285 3115 376 3181 Eum.
402 3117 485 3182 1006
661 3101 756 3203 όμμα
779 3108 844 3201 γὰρ
867 3108 973 3198 πόσης
994 3107 1125 3198 χθονός

532 3230 675 3320 θησνμλος
696 3226 834 3313 ἐξίκοιτ’
858 3221 910 3302 όν,
934 3221 1072 3314 εὐκλεής
1093 3219 1202 3316 λόχος

531 3347 668 3430 παίδων,
686 3345 859 3435 γυναικῶν
882 3339 938 3412 καλ
962 3346 1255 3436 πρεσβυτίδων...

133 3518 275 3598 (excidit
296 3537 421 3599 versus,
452 3518 485 3584 in
510 3538 571 3604 quo
590 3519 678 3586 nives
701 3517 767 3603 ipsi
791 3516 1038 3583 commemorati
1060 3522 1145 3598 sunt,
1175 3519 1351 3588 seeundum

27 3603 37 3712 i
130 3637 386 3716 Hermannum);
417 3636 512 3723 plura
542 3636 672 3720 collegit
702 3632 853 3719 exempla
881 3632 1020 3699 Blooms.
1051 3633 1157 3717 gloss:
1191 3635 1234 3701 ad
1262 3635 1352 3706 Pers:

27 3739 28 3748 ό
133 3757 214 3832 173;
254 3755 342 3841 quod
368 3760 475 3820 tamen
503 3754 576 3821 loeo
607 3751 709 3820 altato
738 3747 1045 3837 interpretationem
1068 3753 1212 3834 „oiroum
1242 3755 1353 3822 oeulos

130 3875 266 3956 tim0r“,
289 3872 382 3956 eujus
411 3871 623 3958 metaphorae
653 3866 805 3957 exempla
834 3870 952 3953 desint,
988 3869 1129 3957 repellit,
1161 3871 1259 3958 Soph.
1289 3874 1353 3959 Αγ.

131 3993 197 4057 140
219 3989 268 4055 oh.
293 3987 349 4055 ani
381 3987 587 4078 πεφόβημαι
618 3989 744 4076 πτηνῆς
772 3981 813 4067 ὡς
834 3980 930 4078 όμμα
953 3986 1086 4069 πελείας
1115 3994 1147 4056 et
1176 3988 1255 4056 Oed.
1284 3989 1354 4060 Col.

131 4112 196 4177 729
220 4107 283 4197 ὁρῶ
306 4106 369 4174 τιν’
392 4100 477 4199 ὑμας
499 4106 663 4197 όμμόσων
688 4101 874 4193 εἰληφότας
895 4102 1009 4191 φόβον
1032 4105 1143 4174 afferri
1166 4113 1314 4192 possunt.

218 4227 388 4292 Postremo
412 4227 453 4293 de
476 4224 705 4291 audacioribus
727 4225 936 4308 imaginibus,
960 4225 1076 4312 quihus
1100 4221 1268 4309 epitheton
1285 4225 1354 4310 ejus

131 4344 232 4424 modi,
262 4347 300 4409 ut
322 4345 412 4410 notio
437 4342 651 4428 metaphorae
681 4342 792 4429 aliqua
815 4363 855 4408 ex
887 4347 980 4430 parte
1009 4341 1155 4422 tollatur,
1190 4343 1354 4427 adjectum

133 4469 194 4542 est,
218 4480 320 4545 supra
343 4460 595 4546 disputavimus,
618 4461 674 4528 uhi
697 4439 939 4528 eonferendum.
1075 4477 1083 4492 ·
