3092 4894
640 365 1023 434 -24--.

268 534 393 601 Deinde
415 533 620 602 transeamus
642 537 685 602 ad
707 535 952 620 metonymiam.
998 533 1033 600 In
1056 554 1129 621 qua,
1153 540 1189 600 ut
1213 537 1291 600 trita
1305 555 1405 621 prae-

1515 549 1537 590 ul

182 653 373 729 termittam,
394 654 536 738 primum
558 652 756 739 Aeschylum
788 653 981 739 saepissime
1014 651 1218 720 abstractum
1239 673 1298 739 pro
1322 649 1405 719 con·
1519 651 1537 735 γὲ

183 777 271 838 creto
295 783 414 857 ponere
436 771 616 836 notandum
640 776 701 838 est.
736 770 922 838 Invenimus
939 774 1050 836 autem
1073 775 1204 856 praeter
1227 789 1282 838 ecs
1300 770 1405 852 locos,
1504 758 1538 837 lb

182 888 237 954 ubi
260 893 376 954 neutra
396 887 535 974 pluralis
559 889 792 973 adjectivorum
815 907 1031 975 personarum
1054 889 1180 955 vicibus
1209 889 1407 970 funguntur,
1527 889 1538 974 η

183 1006 350 1073 abstracta
380 1026 440 1094 pro
463 1007 614 1093 personis
636 1007 687 1073 his
714 1007 811 1074 locis:
844 1006 957 1093 Suppl
982 1007 1024 1072 38
1046 1026 1088 1072 an
1119 984 1407 1096 σφετεριξάμεδοι
1528 1028 1533 1092 3

183 1122 471 1214 πατραδελφείαν,
501 1124 577 1191 Cho.
601 1125 663 1190 967
688 1119 800 1188 ἴδεσθε
834 1121 949 1215 χίνρας
980 1121 1043 1212 τὴν
1067 1121 1188 1209 διπλῆν
1210 1124 1408 1214 τυραννίδα,
1532 1167 1536 1192 ι

184 1242 254 1330 Spe.
292 1241 357 1308 584
388 1238 408 1329 ’i
440 1237 504 1331 γάρ
546 1239 719 1321 συνεισβάς
755 1238 1151 1309 πλοῖον-ναύταισι-καί
1193 1242 1407 1332 πανουργιρί,

183 1359 273 1427 Pers.
296 1361 361 1426 504
383 1353 424 1438 ὡς
446 1358 570 1424 στένειν
593 1357 693 1425 πόλιν
716 1361 865 1450 Περσῶν,
899 1355 1203 1456 ποθοῦσανίίβην,
1226 1359 1316 1426 Pers.
1341 1361 1409 1426 734

186 1472 376 1566 οἵαν-ἥβην
401 1472 565 1550 ἀπώλεσε,
590 1467 685 1545 Pers.¹
696 1479 760 1546 903
782 1498 825 1545 an
837 1483 892 1565 γᾶ
915 1477 941 1542 δ’
964 1473 1409 1576 αἰάζει-,η’βαν-κταμέναν,

184 1596 402 1663 audacissime
425 1590 527 1676 φόνος
547 1614 607 1681 pro
624 1595 738 1684 νεκροί
758 1595 848 1663 Pers.
861 1597 925 1663 415
948 1591 1115 1682 ναυαγίων
1139 1594 1324 1682 πλήθουσα
1347 1591 1407 1660 καί
1539 1643 1540 1654 ,

185 1709 293 1796 φόνου
315 1713 467 1802 βροτῶν;
488 1715 638 1800 personis
660 1714 813 1801 apposita
835 1718 912 1780 suut
925 1713 1003 1780 cho.
1018 1714 1081 1783 995
1096 1712 1300 1808 κακόνφδυ.
1321 1713 1410 1780 1024
1514 1706 1521 1785 .’

186 1827 418 1922 πατροκτόνον
439 1830 583 1921 μίασμα,
608 1832 700 1898 Eum.
716 1834 757 1898 76
779 1833 972 1922 μισήματα,
994 1831 1088 1898 Eum.
1105 1831 1168 1896 194
1188 1825 1290 1921 μύσος
1310 1831 1409 1897 Eum.
1465 1881 1468 1888 .
1514 1822 1523 1855 ’

186 1951 249 2016 635
273 1942 378 2036 στύγη
401 1949 502 2022 θεῶν,
533 1949 604 2034 spu.
630 1950 690 2016 163
724 1948 894 2038 θρέμματ’
927 1940 988 2015 obn
1023 1945 1213 2036 ἀνασχετά,
1250 1949 1319 2035 Spt.
1346 1950 1409 2014 167

129 2118 131 2122 ,
188 2064 370 2156 σωφρόνων
396 2045 588 2156 μισήματα,
620 2063 689 2153 Spt.
711 2067 777 2134 430
799 2065 987 2157 φερέγγυον
1011 2061 1202 2157 φρούρημα,
1232 2066 1320 2133 Peru.
1346 2067 1411 2132 170

187 2181 404 2275 πιστάιματα,
427 2184 518 2254 Pers.
542 2187 605 2251 774
628 2179 939 2274 Μάρδος·αίσχυ’νη
964 2183 1089 2276 πάτρᾳ,
1112 2185 1184 2252 Pro.
1207 2187 1271 2251 614
1294 2171 1320 2249 ui
1340 2209 1410 2249 κσι.

188 2298 241 2367 νὸν
263 2297 441 2390 ὠφέλημα,
462 2303 552 2370 Pers,
573 2303 636 2368 626
661 2323 712 2384 00
727 2303 879 2391 πρέσβος,
904 2305 1124 2370 audacissime
1142 2302 1205 2386 Ag.
1221 2303 1304 2368 1379
1327 2298 1410 2366 ἔθυ-

189 2442 242 2485 σεν
266 2413 372 2486 αὑτοῦ
396 2419 517 2491 παῖδα,
555 2415 728 2508 φιλτάτην
752 2417 823 2510 ἐμοί
845 2419 967 2486 'stoica
992 2422 1045 2503 (01.
1067 2421 1179 2507 Eurip.
1203 2419 1324 2486 Phoen.
1346 2419 1428 2486 291

190 2536 365 2623 συγγένεια
396 2557 454 2624 pro
478 2538 654 2622 συγγενής,
689 2531 822 2623 Hippul.
849 2538 922 2604 408.
953 2540 1039 2606 Mad.
1076 2539 1168 2607 1320.
1198 2538 1305 2605 Orosi.
1333 2537 1410 2602 474.

190 2654 332 2742 Sophocl
354 2656 443 2722 Ant.
466 2654 529 2721 756
552 2648 772 2740 γυναικδζῶν
798 2648 979 2746 δούλευμα,
1003 2656 1106 2723 Elect.
1129 2656 1207 2741 289)

275 2773 340 2841 Ρισ
362 2774 460 2841 τοίνυν
486 2775 589 2840 utitur
619 2771 801 2859 Aeschylus
835 2773 1009 2841 abstractis
1032 2773 1121 2840 Pers.
1147 2773 1210 2839 752
1233 2769 1328 2849 πόνος
1349 2792 1411 2857 pro
1477 2845 1484 2860 ‚

191 2911 239 2975 eo,
276 2892 362 2978 quod
390 2891 556 2960 laboribus
586 2895 716 2976 partum
751 2897 811 2976 est,
845 2869 906 2975 Ay.
929 2893 994 2959 890
1016 2888 1126 2978 κάλλη
1150 2911 1211 2976 pro
1234 2891 1292 2970 iis,
1326 2911 1412 2978 quae

190 3009 327 3094 pulchra
349 3016 433 3087 sunt,
456 3009 527 3095 Spt.
549 3009 593 3074 44
615 3005 736 3076 etCho.
754 3011 834 3076 1007
859 3015 891 3076 et
913 3009 1006 3075 Eum.
1034 3010 1093 3077 183
1117 3006 1219 3091 φόνος
1240 3028 1298 3094 pro
1314 3003 1412 3096 αἷμα,

190 3128 252 3209 Ag.
275 3128 337 3193 927
369 3127 488 3208 βαφάς
508 3148 567 3213 pro
591 3146 644 3204 eo,
676 3147 738 3212 quo
770 3128 848 3212 quid
876 3129 1052 3210 tinguitur,
1086 3127 1227 3214 denique
1249 3125 1324 3196 Pro.
1347 3127 1413 3192 928

192 3245 333 3330 Neptuni
356 3245 482 3312 criden·
506 3240 598 3321 νόσος
618 3249 761 3310 vocatur.

158 3399 160 3402 >
277 3363 392 3429 Altera
413 3360 730 3447 metonymiac'pars
752 3358 908 3448 Aeschyli
930 3364 1064 3449 propria
1083 3367 1133 3428 est
1155 3363 1309 3447 frequens
1330 3359 1413 3440 figu·
1486 3363 1497 3384 ⁹

191 3501 260 3562 rae,
283 3500 366 3567 quae
387 3485 628 3567 prosopopoeia
649 3484 805 3563 uocatur,
827 3501 917 3563 usus,
940 3499 1013 3546 cum
1035 3481 1134 3547 rebus
1157 3487 1270 3565 partes
1297 3497 1415 3562 corpo·
1461 3513 1473 3552 ς

193 3601 238 3666 ris
261 3599 393 3676 humani
416 3596 635 3663 audacissimo
667 3597 798 3665 tribuat.
847 3597 920 3665 Huc
950 3600 1115 3684 pertinent
1145 3596 1231 3662 oculi
1256 3602 1288 3662 et
1317 3614 1413 3658 auree
1497 3619 1527 3643 «ν

194 3717 288 3781 navis
310 3716 424 3801 Suppl.
448 3715 511 3780 686
543 3712 599 3779 καί
622 3719 737 3807 πριδρα
770 3712 917 3806 πρόσθεν
948 3711 1097 3805 όμμασιν
1128 3712 1292 3793 βλέπουσ’
1323 3707 1411 3786 ὁδόν,
1516 3730 1522 3759 ¹

196 3829 423 3919 οἴακος-ἄγαν
448 3825 609 3906 κλύουσα,
633 3836 719 3902 oculi
732 3836 819 3920 ignis
834 3835 906 3900 Pro.
919 3835 993 3910 255,
1017 3833 1080 3923 πῦρ
1104 3827 1303 3919 φλογωπόν,
1326 3825 1415 3892 oculi

194 3953 343 4018 fulminis
365 3951 438 4018 Pro.
451 3951 514 4016 668
537 3949 691 4040 κεραυνὸς
711 3950 1034 4042 cupmro';‚,maxilla
1054 3952 1152 4016 maris
1165 3951 1235 4015 Pro.
1251 3949 1310 4013 727
1335 3940 1416 4010 πόν-

197 4095 258 4136 του
282 4067 527 4160 Σαλμυδησσία
552 4065 684 4154 γνὰθος,
707 4070 844 4137 maxilla
872 4070 1041 4136 fluminum
1063 4069 1233 4151 igneorum
1257 4065 1328 4130 Pro.
1353 4064 1418 4129 370

198 4183 346 4280 ποταμοί
370 4182 470 4278 πυρὸς
490 4181 673 4267 δάπτοντες
692 4187 822 4279 άγρίαις
843 4183 991 4276 γνάθοις,
1022 4185 1126 4270 barba
1153 4185 1240 4269 ignis
1261 4183 1324 4264 Ag.
1353 4181 1416 4248 291

200 4303 329 4394 φλογὸς
348 4305 456 4395 μέγαν
478 4301 633 4392 πιίιγωνα,
655 4305 833 4372 concinnus
844 4304 931 4387 ignis
943 4302 1016 4369 Pro.
1029 4303 1111 4368 1048
1125 4322 1168 4367 an
1183 4295 1283 4388 πυρὸς
1297 4297 1419 4387 άμφὴ-

201 4450 256 4514 κης
276 4422 482 4514 βόστρυχος,
517 4425 714 4514 quinetiam
737 4422 905 4488 abstracto
930 4419 1016 4486 oculi
1037 4417 1220 4484 tribuuntur
1253 4417 1324 4481 Pro.
1357 4417 1420 4482 792
