3092 4894
618 317 785 382 ...Η
875 349 928 362 ...,

136 489 202 572 Ag.
228 489 299 556 546
325 488 474 576 (praeco)
497 488 704 576 παροίχεται
727 484 834 564 πόνος·

325 607 533 697 παροίχεται
558 605 603 679 δέ,
626 608 714 688 τοῖσι
737 604 796 694 μὲν
819 596 1021 690 τεθνηκόσιν

324 725 364 792 τὸ
389 728 438 816 μή
460 722 536 791 ποτ’
557 699 656 800 αὖθις
676 720 753 812 μηδ’
775 720 962 804 α’ναστῆναι
983 713 1110 806 μέλειν.

285 871 287 876 ’
324 845 360 911 τί
381 839 459 922 ποδς
481 841 725 921 οίναλωθέντας
744 839 776 906 ἐν
799 841 917 926 ψήφῳ
939 809 1060 922 λέγειν,

211 1043 214 1047 ,
265 968 271 978 ’
324 960 382 1030 τὸν
406 963 518 1050 ζιῖιντα
542 961 568 1026 δ’
590 959 707 1046 οίλγεῖν
731 955 803 1048 χρὴ
830 950 941 1044 τίιχιγς
961 949 1196 1040 παλιγκότους

323 1079 379 1148 καί
403 1079 518 1149 πολλοί
541 1081 676 1171 χαίρειν
700 1078 888 1169 συμφοραῖς
911 1071 1076 1158 καταξιιῖν
1118 1161 1119 1164 γ

323 1201 404 1292 ἡμῖν
428 1201 462 1266 δὲ
484 1199 555 1281 τοῖς
580 1199 751 1267 λοιποῖσιν
772 1197 930 1288 Ἀργείων
953 1191 1102 1283 στρατοῦ

324 1326 404 1410 anaqi
425 1317 463 1387 τὸ
488 1320 608 1409 κέρδος.
634 1297 638 1310 .

237 1439 347 1508 Verba
369 1441 404 1506 τί
426 1433 699 1518 cous-nurchi)
730 1435 851 1504 falsum
884 1434 1007 1501 habent
1039 1430 1145 1498 locum
1179 1430 1264 1495 inter
1292 1425 1380 1491 τοῖσι

147 1556 213 1648 μέν
236 1563 269 1625 et
290 1557 369 1647 ἡμῖν
394 1556 438 1640 δέ,
472 1578 547 1624 eccm
570 1562 635 1623 n'on
664 1546 771 1637 magis
794 1557 836 1620 ad
859 1554 946 1618 τοῖσι
969 1550 1029 1642 μέν
1052 1555 1189 1638 τεθνγκ.
1219 1566 1314 1633 quam
1338 1543 1381 1610 ad

148 1672 235 1764 ἡμῖν
258 1675 291 1740 δέ
314 1676 517 1762 pertineant.
562 1674 722 1756 Accedit,
755 1676 793 1738 ut
813 1673 1012 1750 indicativus
1036 1672 1114 1756 νικᾷ
1135 1687 1196 1755 pro
1218 1663 1380 1732 infinitivo

145 1793 277 1878 positus
300 1796 354 1862 sit.
1106 1877 1110 1888 Ι

146 1913 214 1996 Ag.
227 1914 291 1980 616
313 1916 464 1999 (praeco)
488 1908 609 1979 ὅτανδ’
624 1906 779 1977 ίιπευκτδι
803 1909 933 2000 πήματ’
957 1903 1102 1996 σ’ίγγελος
1122 1903 1219 1972 πόλει
1267 1965 1270 1972 ,

308 2033 444 2116 στυγνῷ
466 2027 630 2117 προσώπῳ
652 2029 828 2117 πτωσίμου
861 2027 1012 2117 στρατοῖγ
1035 2025 1137 2115 φέργ,

307 2145 405 2214 πόλει
439 2146 499 2237 μὲν
533 2141 629 2226 ἕλκος
657 2143 691 2211 ’έν
719 2142 759 2212 πὸ
794 2146 912 2235 δήμιον
945 2147 1086 2232 τυχεῖν,

305 2259 454 2344 πολλοὺς
485 2263 519 2328 δέ
549 2261 685 2330 πολλῶν
720 2261 962 2350 ἐξαγισθέντας
995 2249 1130 2351 δόμων

302 2379 472 2472 ἄνδρας*
496 2384 586 2463 (622)
605 2382 741 2448 τοιῶνδε
764 2377 928 2473 πγμίιτιυν
950 2379 1152 2471 σεσαγμένον

302 2501 418 2591 πρέπει
443 2499 563 2587 λέγειν.
1237 2553 1240 2558 .

233 2619 304 2686 Hoc
317 2620 388 2686 Ioco
403 2641 475 2686 cum
488 2622 571 2687 duae
586 2620 708 2705 objecti
722 2623 947 2708 appositiones
965 2619 1066 2687 πόλει
1077 2618 1136 2708 μὲν
1146 2653 1159 2668 -
1169 2607 1318 2691 πολλοὺς
1331 2610 1375 2686 δὲ,

149 2737 296 2825 quamvis
319 2738 425 2806 altera
446 2735 641 2804 infinitivum
665 2741 798 2826 τυχεῖν,
822 2740 926 2807 altera
945 2739 1155 2827 participium
1176 2729 1371 2818 ἐξαγισθέν-

152 2879 215 2934 τας
231 2855 362 2937 habeat‚
384 2856 601 2924 audacissime
618 2857 789 2946 particulis
807 2857 929 2944 μὲν-δέ
940 2859 1074 2942 junctae
1092 2855 1167 2933 sint,
1193 2857 1374 2938 practerea,

150 2973 228 3060 q'uid
250 2979 354 3041 totum
377 2973 440 3040 sibi
461 2975 542 3042 velit
565 2977 785 3058 enunciatum,
815 2997 845 3041 v.
868 2977 932 3042 622
954 2947 1062 3044 verbis
1085 2970 1374 3052 τοιῶνδε.σεσαγ-

146 3089 247 3181 μένον
277 3093 519 3158 constructione
555 3097 685 3158 mutata
720 3096 895 3180 repetitum
928 3099 988 3160 est.
1031 3091 1125 3162 Alius
1166 3089 1295 3174 generis
1325 3091 1374 3152 est

147 3207 367 3277 anacoluthon
389 3210 434 3278 in,
448 3230 543 3276 versu
567 3211 720 3297 sequenti
741 3233 771 3277 v.
793 3211 857 3278 625
891 3213 1083 3301 ,συαγρίαιν
1107 3208 1141 3274 δὲ
1163 3199 1373 3297 πραγμάτιον

150 3317 333 3410 εὐάγγελον
357 3321 583 3416 ἥκοντα-παῖς
613 3325 711 3393 κεδνὰ
734 3331 804 3409 τοῖς
826 3332 960 3397 κακοῖσι
993 3324 1186 3419 συμμίξεις,
1218 3326 1275 3393 ubi
1296 3324 1373 3391 bra·

150 3441 300 3529 chylogia
323 3446 483 3530 quaedam
507 3446 696 3513 anacoluthi
718 3467 819 3515 causa
841 3455 909 3527 est;
933 3450 1082 3538 perfecta
1104 3446 1191 3512 enim
1206 3444 1371 3511 sententia

31 3561 40 3594 λ
148 3579 224 3626 cum
254 3561 333 3628 haec
355 3563 543 3631 sit-nuntio
567 3565 659 3632 laeta
689 3565 839 3635 afferenti
862 3567 950 3634 mala
980 3567 1164 3634 immiscere
1187 3583 1253 3629 non
1284 3561 1370 3638 licet,

146 3700 223 3762 ergo
240 3680 330 3746 mala
351 3701 417 3747 non
429 3681 652 3750 ‘immiscebo‘
674 3704 765 3750 moro
787 3686 915 3770 uulgari
938 3705 1057 3774 praeco
1090 3683 1290 3750 sententiam
1313 3699 1370 3761 ge-

145 3796 291 3864 neralem
323 3801 558 3884 propositionis
592 3805 816 3871 antecedentis
847 3804 884 3870 in
904 3827 995 3892 prop.
1028 3823 1117 3890 sequ.
1141 3803 1183 3868 ad
1204 3820 1239 3865 sa
1263 3798 1368 3864 solum

142 3915 255 3982 refert.

230 4027 1368 4140 οεο.οεε-εο(εαιιιι)ιεετομειμρειιεειμιαιςῆιτλον

231 4151 334 4218 κακοί·
355 4190 397 4206 -··
422 4156 487 4224 750
507 4156 713 4248 τεθνηκότος
735 4160 769 4226 δὲ
794 4161 849 4228 νῦν
870 4159 1017 4230 τάλαινα
1040 4159 1224 4258 πεύθομαι.

229 4273 347 4342 Dicere
370 4275 440 4343 vult
461 4275 506 4342 τοί
528 4277 589 4368 μέν
612 4273 705 4345 ἄλλα
737 4275 894 4371 ἤντλουν,
928 4283 982 4348 νῦν
1006 4283 1041 4348 δὲ
1070 4285 1230 4375 Ὀρέστην
1263 4285 1366 4372 φίλον

142 4385 306 4456 τεθνάναι
343 4387 473 4459 ἂκούιυν
506 4395 717 4484 ἀντέχεσθαι
742 4392 780 4464 οὗ
806 4394 960 4489 δύναμαι.
1004 4400 1116 4490 Itaque
1150 4425 1223 4473 cum
1258 4407 1366 4476 verbis
