<?xml version="1.0" encoding="UTF-8"?>
<!DOCTYPE html PUBLIC "-//W3C//DTD XHTML 1.0 Transitional//EN"
    "http://www.w3.org/TR/xhtml1/DTD/xhtml1-transitional.dtd">
<html xmlns="http://www.w3.org/1999/xhtml" xml:lang="en" lang="en">
 <head>
  <title>
</title>
<meta http-equiv="Content-Type" content="text/html;charset=utf-8" />
  <meta name='ocr-system' content='tesseract 3.04.00' />
  <meta name='ocr-capabilities' content='ocr_page ocr_carea ocr_par ocr_line ocrx_word'/>
</head>
<body>
  <div class='ocr_page' id='page_1' title='image "./dictionisaeschy00woltgoog_0015.png"; bbox 0 0 3092 4894; ppageno 0'>
   <div class='ocr_carea' id='block_1_1' title="bbox 643 365 940 427">
    <p class='ocr_par' dir='ltr' id='par_1_1' title="bbox 643 365 940 427">
     <span class='ocr_line' id='line_1_1' title="bbox 643 365 940 427; baseline 0.013 -15"><span class='ocrx_word' id='word_1_1' title='bbox 643 365 940 427; x_wconf 58' lang='grc' dir='ltr'>..ιο-ρ</span> 
     </span>
    </p>
   </div>
   <div class='ocr_carea' id='block_1_2' title="bbox 176 526 1406 739">
    <p class='ocr_par' dir='ltr' id='par_1_2' title="bbox 176 526 1406 739">
     <span class='ocr_line' id='line_1_2' title="bbox 178 526 1406 622; baseline 0.007 -30"><span class='ocrx_word' id='word_1_2' title='bbox 178 527 266 616; x_wconf 78' lang='grc' dir='ltr'>λὲγω</span> <span class='ocrx_word' id='word_1_3' title='bbox 292 527 325 594; x_wconf 79' lang='grc' dir='ltr'>δέ</span> <span class='ocrx_word' id='word_1_4' title='bbox 349 551 400 594; x_wconf 91' lang='grc' dir='ltr'>σοι</span> <span class='ocrx_word' id='word_1_5' title='bbox 424 528 566 596; x_wconf 81' lang='lat' dir='ltr'>Torur&#39;ir&#39;</span> <span class='ocrx_word' id='word_1_6' title='bbox 584 529 735 598; x_wconf 82' lang='grc' dir='ltr'>α’πειλείν</span> <span class='ocrx_word' id='word_1_7' title='bbox 759 526 801 610; x_wconf 81' lang='grc' dir='ltr'>ὡς</span> <span class='ocrx_word' id='word_1_8' title='bbox 821 530 1140 622; x_wconf 64' lang='grc' dir='ltr'>παρεσκευασμένης.</span> <span class='ocrx_word' id='word_1_9' title='bbox 1185 531 1351 602; x_wconf 86' lang='lat' dir='ltr'>Particula</span> <span class='ocrx_word' id='word_1_10' title='bbox 1369 533 1406 600; x_wconf 82' lang='grc' dir='ltr'>δέ</span> 
     </span>
     <span class='ocr_line' id='line_1_3' title="bbox 176 645 1404 739; baseline 0.002 -24"><span class='ocrx_word' id='word_1_11' title='bbox 176 650 386 735; x_wconf 75' lang='lat' dir='ltr'>participium</span> <span class='ocrx_word' id='word_1_12' title='bbox 410 650 523 737; x_wconf 90' lang='lat' dir='ltr'>Suppl.</span> <span class='ocrx_word' id='word_1_13' title='bbox 540 652 612 718; x_wconf 76' lang='grc' dir='ltr'>ὶ354</span> <span class='ocrx_word' id='word_1_14' title='bbox 634 672 706 718; x_wconf 90' lang='lat' dir='ltr'>cum</span> <span class='ocrx_word' id='word_1_15' title='bbox 728 653 828 719; x_wconf 83' lang='lat' dir='ltr'>verbo</span> <span class='ocrx_word' id='word_1_16' title='bbox 851 653 942 719; x_wconf 85' lang='lat' dir='ltr'>finito</span> <span class='ocrx_word' id='word_1_17' title='bbox 962 654 1127 737; x_wconf 88' lang='lat' dir='ltr'>jungitur:</span> <span class='ocrx_word' id='word_1_18' title='bbox 1173 651 1235 739; x_wconf 75' lang='grc' dir='ltr'>ἐγὼ</span> <span class='ocrx_word' id='word_1_19' title='bbox 1254 653 1279 717; x_wconf 82' lang='grc' dir='ltr'>δ’</span> <span class='ocrx_word' id='word_1_20' title='bbox 1303 652 1344 717; x_wconf 71' lang='grc' dir='ltr'>ἂν</span> <span class='ocrx_word' id='word_1_21' title='bbox 1362 645 1404 718; x_wconf 82' lang='grc' dir='ltr'>οὐ</span> 
     </span>
    </p>
   </div>
   <div class='ocr_carea' id='block_1_3' title="bbox 176 761 1508 974">
    <p class='ocr_par' dir='ltr' id='par_1_3' title="bbox 176 761 1508 974">
     <span class='ocr_line' id='line_1_4' title="bbox 177 761 1507 858; baseline 0.005 -26"><span class='ocrx_word' id='word_1_22' title='bbox 177 766 342 856; x_wconf 75' lang='grc' dir='ltr'>κραίνοιμ’</span> <span class='ocrx_word' id='word_1_23' title='bbox 365 761 562 855; x_wconf 70' lang='grc' dir='ltr'>ὑπόσχεσιν,</span> <span class='ocrx_word' id='word_1_24' title='bbox 584 767 715 849; x_wconf 83' lang='grc' dir='ltr'>Ἀστοίς</span> <span class='ocrx_word' id='word_1_25' title='bbox 735 769 769 833; x_wconf 79' lang='grc' dir='ltr'>δὲ</span> <span class='ocrx_word' id='word_1_26' title='bbox 792 767 1037 853; x_wconf 73' lang='grc' dir='ltr'>κοινιίσας,ἰιί)ἰ</span> <span class='ocrx_word' id='word_1_27' title='bbox 1066 783 1239 857; x_wconf 82' lang='lat' dir='ltr'>praeterea</span> <span class='ocrx_word' id='word_1_28' title='bbox 1261 772 1294 837; x_wconf 87' lang='lat' dir='ltr'>vi</span> <span class='ocrx_word' id='word_1_29' title='bbox 1322 791 1404 858; x_wconf 82' lang='lat' dir='ltr'>par·</span> <span class='ocrx_word' id='word_1_30' title='bbox 1506 770 1507 780; x_wconf 39' lang='lat'>¹</span> 
     </span>
     <span class='ocr_line' id='line_1_5' title="bbox 176 886 1508 974; baseline 0.003 -20"><span class='ocrx_word' id='word_1_31' title='bbox 176 887 296 956; x_wconf 83' lang='lat' dir='ltr'>ticulae</span> <span class='ocrx_word' id='word_1_32' title='bbox 320 886 395 974; x_wconf 72' lang='grc' dir='ltr'>πρὶν</span> <span class='ocrx_word' id='word_1_33' title='bbox 418 886 638 955; x_wconf 80' lang='lat' dir='ltr'>audacissime</span> <span class='ocrx_word' id='word_1_34' title='bbox 662 894 714 956; x_wconf 91' lang='lat' dir='ltr'>est</span> <span class='ocrx_word' id='word_1_35' title='bbox 737 890 945 956; x_wconf 84' lang='lat' dir='ltr'>instructum.</span> <span class='ocrx_word' id='word_1_36' title='bbox 979 889 1181 956; x_wconf 85' lang='lat' dir='ltr'>Substantivi</span> <span class='ocrx_word' id='word_1_37' title='bbox 1204 910 1314 956; x_wconf 87' lang='lat' dir='ltr'>casum</span> <span class='ocrx_word' id='word_1_38' title='bbox 1336 891 1403 956; x_wconf 84' lang='lat' dir='ltr'>ini·</span> <span class='ocrx_word' id='word_1_39' title='bbox 1507 938 1508 958; x_wconf 42' lang='grc' dir='ltr'>ι</span> 
     </span>
    </p>
   </div>
   <div class='ocr_carea' id='block_1_4' title="bbox 117 1005 1409 4523">
    <p class='ocr_par' dir='ltr' id='par_1_4' title="bbox 117 1005 1404 2514">
     <span class='ocr_line' id='line_1_6' title="bbox 177 1005 1402 1099; baseline 0.004 -29"><span class='ocrx_word' id='word_1_40' title='bbox 177 1006 224 1070; x_wconf 89' lang='lat' dir='ltr'>tio</span> <span class='ocrx_word' id='word_1_41' title='bbox 247 1005 413 1073; x_wconf 89' lang='lat' dir='ltr'>enunciati</span> <span class='ocrx_word' id='word_1_42' title='bbox 434 1005 483 1071; x_wconf 91' lang='lat' dir='ltr'>ita</span> <span class='ocrx_word' id='word_1_43' title='bbox 504 1007 658 1092; x_wconf 88' lang='lat' dir='ltr'>positum,</span> <span class='ocrx_word' id='word_1_44' title='bbox 680 1012 717 1073; x_wconf 90' lang='lat' dir='ltr'>nt</span> <span class='ocrx_word' id='word_1_45' title='bbox 739 1007 793 1099; x_wconf 36' lang='lat' dir='ltr'>ad·</span> <span class='ocrx_word' id='word_1_46' title='bbox 804 1007 883 1073; x_wconf 92' lang='lat' dir='ltr'>nihil</span> <span class='ocrx_word' id='word_1_47' title='bbox 905 1011 1079 1093; x_wconf 79' lang='lat' dir='ltr'>pertineat,</span> <span class='ocrx_word' id='word_1_48' title='bbox 1102 1005 1323 1094; x_wconf 83' lang='lat' dir='ltr'>legimusSpt.</span> <span class='ocrx_word' id='word_1_49' title='bbox 1337 1011 1402 1075; x_wconf 84' lang='lat'>381</span> 
     </span>
     <span class='ocr_line' id='line_1_7' title="bbox 117 1116 1403 1214; baseline 0.005 -28"><span class='ocrx_word' id='word_1_50' title='bbox 117 1119 120 1126; x_wconf 70' lang='grc'>’</span> <span class='ocrx_word' id='word_1_51' title='bbox 178 1119 234 1188; x_wconf 82' lang='grc' dir='ltr'>καί</span> <span class='ocrx_word' id='word_1_52' title='bbox 265 1116 372 1190; x_wconf 81' lang='grc' dir='ltr'>νύκτα</span> <span class='ocrx_word' id='word_1_53' title='bbox 404 1119 651 1211; x_wconf 55' lang='lat' dir='ltr'>rutiche-reip(</span> <span class='ocrx_word' id='word_1_54' title='bbox 682 1121 723 1188; x_wconf 83' lang='grc' dir='ltr'>ίίν</span> <span class='ocrx_word' id='word_1_55' title='bbox 754 1123 884 1209; x_wconf 71' lang='grc' dir='ltr'>ιγένοιτο</span> <span class='ocrx_word' id='word_1_56' title='bbox 916 1122 1035 1214; x_wconf 84' lang='grc' dir='ltr'>μα’ντις</span> <span class='ocrx_word' id='word_1_57' title='bbox 1064 1123 1085 1210; x_wconf 82' lang='grc' dir='ltr'>ἡ</span> <span class='ocrx_word' id='word_1_58' title='bbox 1120 1123 1234 1203; x_wconf 73' lang='grc' dir='ltr'>α’νοιάς</span> <span class='ocrx_word' id='word_1_59' title='bbox 1267 1125 1403 1192; x_wconf 89' lang='lat' dir='ltr'>verbum</span> 
     </span>
     <span class='ocr_line' id='line_1_8' title="bbox 177 1239 1404 1331; baseline 0.002 -23"><span class='ocrx_word' id='word_1_60' title='bbox 177 1243 360 1312; x_wconf 77' lang='lat' dir='ltr'>senteutiao</span> <span class='ocrx_word' id='word_1_61' title='bbox 389 1239 567 1328; x_wconf 77' lang='lat' dir='ltr'>primdriae</span> <span class='ocrx_word' id='word_1_62' title='bbox 597 1263 638 1309; x_wconf 86' lang='lat' dir='ltr'>ex</span> <span class='ocrx_word' id='word_1_63' title='bbox 668 1243 784 1309; x_wconf 87' lang='lat' dir='ltr'>verbo.</span> <span class='ocrx_word' id='word_1_64' title='bbox 806 1245 990 1311; x_wconf 86' lang='lat' dir='ltr'>sententiae</span> <span class='ocrx_word' id='word_1_65' title='bbox 1026 1244 1239 1331; x_wconf 84' lang='lat' dir='ltr'>interpositae</span> <span class='ocrx_word' id='word_1_66' title='bbox 1278 1244 1404 1330; x_wconf 82' lang='lat' dir='ltr'>pendet</span> 
     </span>
     <span class='ocr_line' id='line_1_9' title="bbox 176 1355 1402 1450; baseline 0.003 -24"><span class='ocrx_word' id='word_1_67' title='bbox 176 1357 269 1426; x_wconf 81' lang='lat' dir='ltr'>Pers.</span> <span class='ocrx_word' id='word_1_68' title='bbox 294 1359 355 1425; x_wconf 88' lang='lat'>188</span> <span class='ocrx_word' id='word_1_69' title='bbox 393 1357 506 1436; x_wconf 78' lang='grc' dir='ltr'>τοότιο</span> <span class='ocrx_word' id='word_1_70' title='bbox 543 1359 664 1425; x_wconf 80' lang='grc' dir='ltr'>σπόσιν</span> <span class='ocrx_word' id='word_1_71' title='bbox 699 1358 762 1426; x_wconf 84' lang='grc' dir='ltr'>τιν’</span> <span class='ocrx_word' id='word_1_72' title='bbox 797 1355 836 1440; x_wconf 81' lang='grc' dir='ltr'>ὡς</span> <span class='ocrx_word' id='word_1_73' title='bbox 866 1358 930 1448; x_wconf 71' lang='grc' dir='ltr'>ἐγὼ</span> <span class='ocrx_word' id='word_1_74' title='bbox 965 1359 1097 1426; x_wconf 82' lang='grc' dir='ltr'>’δόκουν</span> <span class='ocrx_word' id='word_1_75' title='bbox 1132 1361 1210 1450; x_wconf 75' lang='grc' dir='ltr'>ὁρᾶν</span> <span class='ocrx_word' id='word_1_76' title='bbox 1244 1356 1402 1449; x_wconf 79' lang='grc' dir='ltr'>Ἱέίιχειν.</span> 
     </span>
     <span class='ocr_line' id='line_1_10' title="bbox 176 1478 1401 1567; baseline 0.002 -23"><span class='ocrx_word' id='word_1_77' title='bbox 176 1479 277 1563; x_wconf 88' lang='lat' dir='ltr'>Idem,</span> <span class='ocrx_word' id='word_1_78' title='bbox 300 1479 385 1565; x_wconf 88' lang='lat' dir='ltr'>qnod</span> <span class='ocrx_word' id='word_1_79' title='bbox 408 1478 443 1543; x_wconf 91' lang='lat' dir='ltr'>in</span> <span class='ocrx_word' id='word_1_80' title='bbox 465 1479 629 1545; x_wconf 88' lang='lat' dir='ltr'>sententia</span> <span class='ocrx_word' id='word_1_81' title='bbox 658 1478 856 1565; x_wconf 84' lang='lat' dir='ltr'>interposita</span> <span class='ocrx_word' id='word_1_82' title='bbox 878 1481 1003 1546; x_wconf 89' lang='lat' dir='ltr'>dietum</span> <span class='ocrx_word' id='word_1_83' title='bbox 1026 1487 1088 1563; x_wconf 83' lang='lat' dir='ltr'>cst,</span> <span class='ocrx_word' id='word_1_84' title='bbox 1119 1488 1196 1567; x_wconf 81' lang='lat' dir='ltr'>post</span> <span class='ocrx_word' id='word_1_85' title='bbox 1222 1480 1401 1564; x_wconf 83' lang='lat' dir='ltr'>longiorem</span> 
     </span>
     <span class='ocr_line' id='line_1_11' title="bbox 176 1593 1401 1683; baseline 0.002 -21"><span class='ocrx_word' id='word_1_86' title='bbox 176 1595 270 1662; x_wconf 91' lang='lat' dir='ltr'>illius</span> <span class='ocrx_word' id='word_1_87' title='bbox 302 1601 430 1683; x_wconf 89' lang='lat' dir='ltr'>partem</span> <span class='ocrx_word' id='word_1_88' title='bbox 469 1598 633 1663; x_wconf 88' lang='lat' dir='ltr'>sententia</span> <span class='ocrx_word' id='word_1_89' title='bbox 664 1597 830 1683; x_wconf 89' lang='lat' dir='ltr'>primaria·</span> <span class='ocrx_word' id='word_1_90' title='bbox 857 1598 1124 1682; x_wconf 86' lang='lat' dir='ltr'>complectitur:.</span> <span class='ocrx_word' id='word_1_91' title='bbox 1149 1598 1220 1683; x_wconf 86' lang='lat' dir='ltr'>Spt.</span> <span class='ocrx_word' id='word_1_92' title='bbox 1250 1599 1293 1664; x_wconf 87' lang='lat'>34</span> <span class='ocrx_word' id='word_1_93' title='bbox 1322 1593 1401 1676; x_wconf 83' lang='grc' dir='ltr'>ὡςὸ</span> 
     </span>
     <span class='ocr_line' id='line_1_12' title="bbox 176 1701 1397 1804; baseline 0.002 -25"><span class='ocrx_word' id='word_1_94' title='bbox 176 1711 296 1804; x_wconf 72' lang='grc' dir='ltr'>μάντις</span> <span class='ocrx_word' id='word_1_95' title='bbox 328 1701 558 1804; x_wconf 66' lang='lat' dir='ltr'>(cquis-orirer</span> <span class='ocrx_word' id='word_1_96' title='bbox 586 1711 687 1801; x_wconf 76' lang='grc' dir='ltr'>λέγει.</span> <span class='ocrx_word' id='word_1_97' title='bbox 732 1715 857 1782; x_wconf 86' lang='lat' dir='ltr'>Deinde</span> <span class='ocrx_word' id='word_1_98' title='bbox 887 1716 927 1781; x_wconf 92' lang='lat' dir='ltr'>de</span> <span class='ocrx_word' id='word_1_99' title='bbox 949 1716 1075 1783; x_wconf 89' lang='lat' dir='ltr'>duobus</span> <span class='ocrx_word' id='word_1_100' title='bbox 1098 1716 1291 1795; x_wconf 87' lang='lat' dir='ltr'>enunciatis,</span> <span class='ocrx_word' id='word_1_101' title='bbox 1319 1737 1397 1802; x_wconf 90' lang='lat' dir='ltr'>quo-</span> 
     </span>
     <span class='ocr_line' id='line_1_13' title="bbox 177 1810 1397 1921; baseline 0 -23"><span class='ocrx_word' id='word_1_102' title='bbox 177 1853 250 1900; x_wconf 90' lang='lat' dir='ltr'>rum</span> <span class='ocrx_word' id='word_1_103' title='bbox 270 1853 344 1900; x_wconf 89' lang='lat' dir='ltr'>cunr</span> <span class='ocrx_word' id='word_1_104' title='bbox 361 1835 458 1919; x_wconf 86' lang='lat' dir='ltr'>prius</span> <span class='ocrx_word' id='word_1_105' title='bbox 489 1833 687 1920; x_wconf 79' lang='lat' dir='ltr'>particulam</span> <span class='ocrx_word' id='word_1_106' title='bbox 709 1857 747 1898; x_wconf 82' lang='grc' dir='ltr'>τε</span> <span class='ocrx_word' id='word_1_107' title='bbox 777 1810 910 1914; x_wconf 83' lang='lat' dir='ltr'>habeat,</span> <span class='ocrx_word' id='word_1_108' title='bbox 937 1835 971 1900; x_wconf 93' lang='lat' dir='ltr'>in</span> <span class='ocrx_word' id='word_1_109' title='bbox 1001 1833 1103 1901; x_wconf 90' lang='lat' dir='ltr'>altero</span> <span class='ocrx_word' id='word_1_110' title='bbox 1134 1830 1190 1899; x_wconf 77' lang='lat' dir='ltr'>noi</span> <span class='ocrx_word' id='word_1_111' title='bbox 1221 1838 1397 1921; x_wconf 63' lang='lat' dir='ltr'>exspectes</span> 
     </span>
     <span class='ocr_line' id='line_1_14' title="bbox 177 1949 1400 2038; baseline -0.002 -20"><span class='ocrx_word' id='word_1_112' title='bbox 177 1951 316 2018; x_wconf 88' lang='lat' dir='ltr'>alterum</span> <span class='ocrx_word' id='word_1_113' title='bbox 334 1969 415 2018; x_wconf 81' lang='lat' dir='ltr'>cum</span> <span class='ocrx_word' id='word_1_114' title='bbox 431 1950 585 2030; x_wconf 87' lang='lat' dir='ltr'>relativo,</span> <span class='ocrx_word' id='word_1_115' title='bbox 613 1951 701 2037; x_wconf 91' lang='lat' dir='ltr'>quod</span> <span class='ocrx_word' id='word_1_116' title='bbox 722 1951 764 2016; x_wconf 91' lang='lat' dir='ltr'>ad</span> <span class='ocrx_word' id='word_1_117' title='bbox 786 1950 919 2038; x_wconf 84' lang='lat' dir='ltr'>aliquod</span> <span class='ocrx_word' id='word_1_118' title='bbox 948 1949 1144 2018; x_wconf 85' lang='lat' dir='ltr'>vocabulum</span> <span class='ocrx_word' id='word_1_119' title='bbox 1174 1954 1295 2038; x_wconf 89' lang='lat' dir='ltr'>prioris</span> <span class='ocrx_word' id='word_1_120' title='bbox 1326 1971 1400 2038; x_wconf 89' lang='lat' dir='ltr'>per·</span> 
     </span>
     <span class='ocr_line' id='line_1_15' title="bbox 177 2067 1402 2157; baseline 0.001 -20"><span class='ocrx_word' id='word_1_121' title='bbox 177 2071 270 2149; x_wconf 86' lang='lat' dir='ltr'>tinet,</span> <span class='ocrx_word' id='word_1_122' title='bbox 287 2069 464 2155; x_wconf 82' lang='lat' dir='ltr'>particulis</span> <span class='ocrx_word' id='word_1_123' title='bbox 485 2067 609 2157; x_wconf 81' lang='grc' dir='ltr'>μέν-δὲ</span> <span class='ocrx_word' id='word_1_124' title='bbox 630 2071 680 2135; x_wconf 87' lang='lat' dir='ltr'>ita</span> <span class='ocrx_word' id='word_1_125' title='bbox 698 2069 860 2153; x_wconf 88' lang='lat' dir='ltr'>jungitur,</span> <span class='ocrx_word' id='word_1_126' title='bbox 882 2075 918 2134; x_wconf 93' lang='lat' dir='ltr'>ut</span> <span class='ocrx_word' id='word_1_127' title='bbox 941 2089 982 2135; x_wconf 90' lang='lat' dir='ltr'>ne</span> <span class='ocrx_word' id='word_1_128' title='bbox 1002 2069 1178 2136; x_wconf 88' lang='lat' dir='ltr'>relativum</span> <span class='ocrx_word' id='word_1_129' title='bbox 1201 2071 1333 2156; x_wconf 86' lang='lat' dir='ltr'>quidam</span> <span class='ocrx_word' id='word_1_130' title='bbox 1349 2089 1402 2138; x_wconf 82' lang='lat' dir='ltr'>sc·</span> 
     </span>
     <span class='ocr_line' id='line_1_16' title="bbox 179 2185 1404 2276; baseline 0.001 -22"><span class='ocrx_word' id='word_1_131' title='bbox 179 2193 298 2276; x_wconf 82' lang='lat' dir='ltr'>quatur</span> <span class='ocrx_word' id='word_1_132' title='bbox 321 2187 380 2253; x_wconf 88' lang='lat' dir='ltr'>sed</span> <span class='ocrx_word' id='word_1_133' title='bbox 403 2207 443 2254; x_wconf 83' lang='lat' dir='ltr'>ex</span> <span class='ocrx_word' id='word_1_134' title='bbox 460 2207 522 2252; x_wconf 89' lang='lat' dir='ltr'>usu</span> <span class='ocrx_word' id='word_1_135' title='bbox 543 2185 600 2253; x_wconf 91' lang='lat' dir='ltr'>illo</span> <span class='ocrx_word' id='word_1_136' title='bbox 621 2187 795 2254; x_wconf 86' lang='lat' dir='ltr'>Homerico</span> <span class='ocrx_word' id='word_1_137' title='bbox 819 2188 983 2254; x_wconf 85' lang='lat' dir='ltr'>sententia</span> <span class='ocrx_word' id='word_1_138' title='bbox 1014 2188 1173 2273; x_wconf 88' lang='lat' dir='ltr'>primaria</span> <span class='ocrx_word' id='word_1_139' title='bbox 1195 2188 1251 2253; x_wconf 85' lang='lat' dir='ltr'>fiat</span> <span class='ocrx_word' id='word_1_140' title='bbox 1276 2189 1337 2270; x_wconf 88' lang='lat' dir='ltr'>Ag.</span> <span class='ocrx_word' id='word_1_141' title='bbox 1361 2187 1404 2256; x_wconf 83' lang='lat'>99</span> 
     </span>
     <span class='ocr_line' id='line_1_17' title="bbox 179 2296 1404 2394; baseline -0.004 -21"><span class='ocrx_word' id='word_1_142' title='bbox 179 2326 222 2372; x_wconf 82' lang='lat' dir='ltr'>an</span> <span class='ocrx_word' id='word_1_143' title='bbox 244 2296 377 2372; x_wconf 76' lang='grc' dir='ltr'>τούτων</span> <span class='ocrx_word' id='word_1_144' title='bbox 411 2301 664 2388; x_wconf 74' lang='grc' dir='ltr'>λέξαό-παίιυν</span> <span class='ocrx_word' id='word_1_145' title='bbox 686 2329 725 2370; x_wconf 85' lang='grc' dir='ltr'>τε</span> <span class='ocrx_word' id='word_1_146' title='bbox 746 2304 845 2390; x_wconf 76' lang='grc' dir='ltr'>γενοῦ</span> <span class='ocrx_word' id='word_1_147' title='bbox 879 2303 982 2389; x_wconf 80' lang='grc' dir='ltr'>τῆσδε</span> <span class='ocrx_word' id='word_1_148' title='bbox 1009 2305 1174 2394; x_wconf 70' lang='grc' dir='ltr'>μερίμνης,</span> <span class='ocrx_word' id='word_1_149' title='bbox 1199 2299 1220 2393; x_wconf 65' lang='grc' dir='ltr'><strong><em>ἧ</em></strong></span> <span class='ocrx_word' id='word_1_150' title='bbox 1242 2303 1297 2368; x_wconf 84' lang='grc' dir='ltr'>νῦν</span> <span class='ocrx_word' id='word_1_151' title='bbox 1320 2299 1404 2370; x_wconf 81' lang='grc' dir='ltr'>τότε</span> 
     </span>
     <span class='ocr_line' id='line_1_18' title="bbox 178 2416 1280 2514; baseline -0.004 -24"><span class='ocrx_word' id='word_1_152' title='bbox 178 2423 239 2514; x_wconf 78' lang='grc' dir='ltr'>μὲν</span> <span class='ocrx_word' id='word_1_153' title='bbox 263 2419 449 2512; x_wconf 77' lang='grc' dir='ltr'>κακόφρων</span> <span class='ocrx_word' id='word_1_154' title='bbox 472 2421 617 2503; x_wconf 74' lang='grc' dir='ltr'>τελέθει,</span> <span class='ocrx_word' id='word_1_155' title='bbox 639 2420 722 2488; x_wconf 83' lang='grc' dir='ltr'>τότε</span> <span class='ocrx_word' id='word_1_156' title='bbox 746 2421 772 2486; x_wconf 78' lang='grc' dir='ltr'>δ’</span> <span class='ocrx_word' id='word_1_157' title='bbox 795 2420 831 2486; x_wconf 82' lang='grc' dir='ltr'>ἐκ</span> <span class='ocrx_word' id='word_1_158' title='bbox 854 2419 1101 2502; x_wconf 69' lang='grc' dir='ltr'>θυσιῶν-ἐλπίς</span> <span class='ocrx_word' id='word_1_159' title='bbox 1125 2416 1254 2513; x_wconf 81' lang='grc' dir='ltr'>α’μύνει.</span> <span class='ocrx_word' id='word_1_160' title='bbox 1277 2495 1280 2500; x_wconf 45' lang='grc'><em>,</em></span> 
     </span>
    </p>

    <p class='ocr_par' dir='ltr' id='par_1_5' title="bbox 179 2539 1408 3576">
     <span class='ocr_line' id='line_1_19' title="bbox 264 2539 1403 2622; baseline 0 -15"><span class='ocrx_word' id='word_1_161' title='bbox 264 2543 334 2608; x_wconf 91' lang='lat' dir='ltr'>lam</span> <span class='ocrx_word' id='word_1_162' title='bbox 355 2561 432 2608; x_wconf 83' lang='lat' dir='ltr'>rero</span> <span class='ocrx_word' id='word_1_163' title='bbox 456 2541 498 2606; x_wconf 89' lang='lat' dir='ltr'>ad</span> <span class='ocrx_word' id='word_1_164' title='bbox 521 2541 719 2607; x_wconf 85' lang='lat' dir='ltr'>anacolutha</span> <span class='ocrx_word' id='word_1_165' title='bbox 750 2539 938 2606; x_wconf 85' lang='lat' dir='ltr'>difficiliora</span> <span class='ocrx_word' id='word_1_166' title='bbox 959 2547 992 2606; x_wconf 92' lang='lat' dir='ltr'>et</span> <span class='ocrx_word' id='word_1_167' title='bbox 1013 2540 1117 2622; x_wconf 88' lang='lat' dir='ltr'>magis</span> <span class='ocrx_word' id='word_1_168' title='bbox 1141 2547 1291 2607; x_wconf 89' lang='lat' dir='ltr'>contorta</span> <span class='ocrx_word' id='word_1_169' title='bbox 1313 2543 1403 2607; x_wconf 87' lang='lat' dir='ltr'>veni·</span> 
     </span>
     <span class='ocr_line' id='line_1_20' title="bbox 180 2658 1404 2748; baseline -0.002 -20"><span class='ocrx_word' id='word_1_170' title='bbox 180 2682 263 2741; x_wconf 86' lang='lat' dir='ltr'>mus,</span> <span class='ocrx_word' id='word_1_171' title='bbox 288 2679 372 2748; x_wconf 88' lang='lat' dir='ltr'>quae</span> <span class='ocrx_word' id='word_1_172' title='bbox 394 2659 525 2742; x_wconf 87' lang='lat' dir='ltr'>singula</span> <span class='ocrx_word' id='word_1_173' title='bbox 547 2658 792 2725; x_wconf 86' lang='lat' dir='ltr'>consideremus</span> <span class='ocrx_word' id='word_1_174' title='bbox 815 2678 949 2725; x_wconf 89' lang='lat' dir='ltr'>necesse</span> <span class='ocrx_word' id='word_1_175' title='bbox 971 2665 1037 2734; x_wconf 87' lang='lat' dir='ltr'>est;</span> <span class='ocrx_word' id='word_1_176' title='bbox 1066 2658 1262 2724; x_wconf 84' lang='lat' dir='ltr'>difficillima</span> <span class='ocrx_word' id='word_1_177' title='bbox 1294 2664 1404 2725; x_wconf 85' lang='lat' dir='ltr'>antem</span> 
     </span>
     <span class='ocr_line' id='line_1_21' title="bbox 179 2776 1404 2862; baseline -0.002 -15"><span class='ocrx_word' id='word_1_178' title='bbox 179 2781 213 2847; x_wconf 94' lang='lat' dir='ltr'>in</span> <span class='ocrx_word' id='word_1_179' title='bbox 231 2777 441 2846; x_wconf 89' lang='lat' dir='ltr'>sermonibus</span> <span class='ocrx_word' id='word_1_180' title='bbox 464 2776 633 2843; x_wconf 90' lang='lat' dir='ltr'>hominum</span> <span class='ocrx_word' id='word_1_181' title='bbox 658 2776 861 2856; x_wconf 88' lang='lat' dir='ltr'>inferiorum,</span> <span class='ocrx_word' id='word_1_182' title='bbox 888 2776 974 2842; x_wconf 90' lang='lat' dir='ltr'>inter</span> <span class='ocrx_word' id='word_1_183' title='bbox 997 2795 1078 2862; x_wconf 86' lang='lat' dir='ltr'>qnos</span> <span class='ocrx_word' id='word_1_184' title='bbox 1100 2778 1134 2842; x_wconf 90' lang='lat' dir='ltr'>in</span> <span class='ocrx_word' id='word_1_185' title='bbox 1156 2777 1404 2860; x_wconf 86' lang='lat' dir='ltr'>Agamemnona</span> 
     </span>
     <span class='ocr_line' id='line_1_22' title="bbox 180 2893 1404 2984; baseline -0.003 -18"><span class='ocrx_word' id='word_1_186' title='bbox 180 2903 291 2967; x_wconf 87' lang='lat' dir='ltr'>custos</span> <span class='ocrx_word' id='word_1_187' title='bbox 313 2902 346 2964; x_wconf 90' lang='lat' dir='ltr'>et</span> <span class='ocrx_word' id='word_1_188' title='bbox 367 2916 493 2984; x_wconf 86' lang='lat' dir='ltr'>praeco,</span> <span class='ocrx_word' id='word_1_189' title='bbox 521 2898 556 2962; x_wconf 92' lang='lat' dir='ltr'>in</span> <span class='ocrx_word' id='word_1_190' title='bbox 585 2893 788 2980; x_wconf 78' lang='lat' dir='ltr'>Choephoris</span> <span class='ocrx_word' id='word_1_191' title='bbox 818 2897 927 2960; x_wconf 84' lang='lat' dir='ltr'>nutrix</span> <span class='ocrx_word' id='word_1_192' title='bbox 958 2914 1072 2961; x_wconf 90' lang='lat' dir='ltr'>omnes</span> <span class='ocrx_word' id='word_1_193' title='bbox 1096 2901 1220 2962; x_wconf 88' lang='lat' dir='ltr'>ceteros</span> <span class='ocrx_word' id='word_1_194' title='bbox 1250 2900 1404 2981; x_wconf 90' lang='lat' dir='ltr'>corrupto</span> 
     </span>
     <span class='ocr_line' id='line_1_23' title="bbox 181 3012 1405 3100; baseline -0.003 -16"><span class='ocrx_word' id='word_1_195' title='bbox 181 3023 214 3084; x_wconf 90' lang='lat' dir='ltr'>et</span> <span class='ocrx_word' id='word_1_196' title='bbox 231 3017 375 3084; x_wconf 63' lang='lat' dir='ltr'>&lt;obscuro</span> <span class='ocrx_word' id='word_1_197' title='bbox 400 3014 528 3100; x_wconf 75' lang='lat' dir='ltr'>dicendi</span> <span class='ocrx_word' id='word_1_198' title='bbox 553 3033 672 3097; x_wconf 85' lang='lat' dir='ltr'>genere</span> <span class='ocrx_word' id='word_1_199' title='bbox 694 3012 791 3096; x_wconf 87' lang='lat' dir='ltr'>longe</span> <span class='ocrx_word' id='word_1_200' title='bbox 814 3019 981 3099; x_wconf 85' lang='lat' dir='ltr'>superant,</span> <span class='ocrx_word' id='word_1_201' title='bbox 1013 3018 1050 3078; x_wconf 92' lang='lat' dir='ltr'>ut</span> <span class='ocrx_word' id='word_1_202' title='bbox 1068 3019 1226 3098; x_wconf 90' lang='lat' dir='ltr'>quantum</span> <span class='ocrx_word' id='word_1_203' title='bbox 1250 3033 1270 3079; x_wconf 86' lang='lat' dir='ltr'>a</span> <span class='ocrx_word' id='word_1_204' title='bbox 1291 3034 1405 3099; x_wconf 89' lang='lat' dir='ltr'>perso-</span> 
     </span>
     <span class='ocr_line' id='line_1_24' title="bbox 180 3129 1405 3216; baseline -0.003 -14"><span class='ocrx_word' id='word_1_205' title='bbox 180 3139 232 3203; x_wconf 90' lang='lat' dir='ltr'>nis</span> <span class='ocrx_word' id='word_1_206' title='bbox 254 3155 331 3202; x_wconf 80' lang='lat' dir='ltr'>vere</span> <span class='ocrx_word' id='word_1_207' title='bbox 353 3133 491 3216; x_wconf 84' lang='lat' dir='ltr'>tragicis</span> <span class='ocrx_word' id='word_1_208' title='bbox 514 3135 644 3209; x_wconf 90' lang='lat' dir='ltr'>distent,</span> <span class='ocrx_word' id='word_1_209' title='bbox 675 3133 779 3198; x_wconf 88' lang='lat' dir='ltr'>etiam</span> <span class='ocrx_word' id='word_1_210' title='bbox 804 3150 952 3196; x_wconf 87' lang='lat' dir='ltr'>sermone</span> <span class='ocrx_word' id='word_1_211' title='bbox 975 3129 1227 3212; x_wconf 84' lang='lat' dir='ltr'>demonstretur,</span> <span class='ocrx_word' id='word_1_212' title='bbox 1257 3150 1323 3197; x_wconf 92' lang='lat' dir='ltr'>non</span> <span class='ocrx_word' id='word_1_213' title='bbox 1351 3152 1405 3198; x_wconf 94' lang='lat' dir='ltr'>so-</span> 
     </span>
     <span class='ocr_line' id='line_1_25' title="bbox 180 3245 1405 3340; baseline -0.006 -20"><span class='ocrx_word' id='word_1_214' title='bbox 180 3255 247 3320; x_wconf 89' lang='lat' dir='ltr'>lum</span> <span class='ocrx_word' id='word_1_215' title='bbox 270 3254 358 3340; x_wconf 87' lang='lat' dir='ltr'>apud</span> <span class='ocrx_word' id='word_1_216' title='bbox 381 3251 580 3338; x_wconf 84' lang='lat' dir='ltr'>Aeschylum</span> <span class='ocrx_word' id='word_1_217' title='bbox 604 3245 662 3317; x_wconf 85' lang='lat' dir='ltr'>sed</span> <span class='ocrx_word' id='word_1_218' title='bbox 685 3250 784 3316; x_wconf 90' lang='lat' dir='ltr'>ctiam</span> <span class='ocrx_word' id='word_1_219' title='bbox 808 3249 894 3335; x_wconf 86' lang='lat' dir='ltr'>apud</span> <span class='ocrx_word' id='word_1_220' title='bbox 916 3247 1110 3334; x_wconf 88' lang='lat' dir='ltr'>Sophoclem</span> <span class='ocrx_word' id='word_1_221' title='bbox 1132 3249 1326 3315; x_wconf 87' lang='lat' dir='ltr'>invenimus.</span> <span class='ocrx_word' id='word_1_222' title='bbox 1353 3249 1405 3315; x_wconf 87' lang='lat' dir='ltr'>Ex</span> 
     </span>
     <span class='ocr_line' id='line_1_26' title="bbox 180 3371 1408 3453; baseline -0.013 -14"><span class='ocrx_word' id='word_1_223' title='bbox 180 3373 231 3439; x_wconf 90' lang='lat' dir='ltr'>his</span> <span class='ocrx_word' id='word_1_224' title='bbox 256 3371 357 3453; x_wconf 90' lang='lat' dir='ltr'>igitur</span> <span class='ocrx_word' id='word_1_225' title='bbox 381 3372 557 3438; x_wconf 86' lang='lat' dir='ltr'>ordiamur.</span> <span class='ocrx_word' id='word_1_226' title='bbox 1405 3371 1408 3378; x_wconf 80' lang='grc'>’</span> 
     </span>
     <span class='ocr_line' id='line_1_27' title="bbox 181 3477 1303 3576; baseline -0.009 -20"><span class='ocrx_word' id='word_1_227' title='bbox 181 3492 233 3574; x_wconf 83' lang='lat' dir='ltr'>Ag</span> <span class='ocrx_word' id='word_1_228' title='bbox 268 3492 307 3555; x_wconf 79' lang='lat'>12</span> <span class='ocrx_word' id='word_1_229' title='bbox 331 3493 472 3570; x_wconf 86' lang='lat' dir='ltr'>(custos)</span> <span class='ocrx_word' id='word_1_230' title='bbox 496 3477 565 3554; x_wconf 81' lang='grc' dir='ltr'>εὖτ’</span> <span class='ocrx_word' id='word_1_231' title='bbox 589 3485 630 3552; x_wconf 81' lang='grc' dir='ltr'>ίίν</span> <span class='ocrx_word' id='word_1_232' title='bbox 648 3486 682 3551; x_wconf 78' lang='grc' dir='ltr'>δὲ</span> <span class='ocrx_word' id='word_1_233' title='bbox 705 3485 981 3572; x_wconf 74' lang='grc' dir='ltr'>νυκτίπλαγκτον</span> <span class='ocrx_word' id='word_1_234' title='bbox 1006 3481 1156 3576; x_wconf 77' lang='grc' dir='ltr'>’ένδροσον</span> <span class='ocrx_word' id='word_1_235' title='bbox 1180 3484 1208 3551; x_wconf 83' lang='grc' dir='ltr'>τ’</span> <span class='ocrx_word' id='word_1_236' title='bbox 1232 3481 1303 3570; x_wconf 54' lang='lat' dir='ltr'>ipio</span> 
     </span>
    </p>

    <p class='ocr_par' dir='ltr' id='par_1_6' title="bbox 331 3599 1172 3815">
     <span class='ocr_line' id='line_1_28' title="bbox 331 3599 1006 3698; baseline 0 -25"><span class='ocrx_word' id='word_1_237' title='bbox 331 3601 426 3696; x_wconf 76' lang='grc' dir='ltr'>εὐνὴν</span> <span class='ocrx_word' id='word_1_238' title='bbox 455 3606 587 3697; x_wconf 79' lang='grc' dir='ltr'>ὀνείροις</span> <span class='ocrx_word' id='word_1_239' title='bbox 619 3599 681 3673; x_wconf 86' lang='grc' dir='ltr'>οιίκ</span> <span class='ocrx_word' id='word_1_240' title='bbox 712 3603 1006 3698; x_wconf 70' lang='grc' dir='ltr'>ἐπισκοπουμένην.</span> 
     </span>
     <span class='ocr_line' id='line_1_29' title="bbox 332 3721 1172 3815; baseline -0.006 -23"><span class='ocrx_word' id='word_1_241' title='bbox 332 3728 367 3792; x_wconf 84' lang='grc' dir='ltr'>τί</span> <span class='ocrx_word' id='word_1_242' title='bbox 388 3728 475 3814; x_wconf 77' lang='grc' dir='ltr'>μήν;</span> <span class='ocrx_word' id='word_1_243' title='bbox 499 3723 611 3810; x_wconf 70' lang='grc' dir='ltr'>Φόβος</span> <span class='ocrx_word' id='word_1_244' title='bbox 633 3721 696 3813; x_wconf 74' lang='grc' dir='ltr'>γὰρ</span> <span class='ocrx_word' id='word_1_245' title='bbox 721 3722 798 3789; x_wconf 71' lang='grc' dir='ltr'>ἄνθ’</span> <span class='ocrx_word' id='word_1_246' title='bbox 821 3721 926 3791; x_wconf 79' lang='grc' dir='ltr'>ὕπνον</span> <span class='ocrx_word' id='word_1_247' title='bbox 951 3726 1172 3815; x_wconf 77' lang='grc' dir='ltr'>παραστατεῖ.</span> 
     </span>
    </p>

    <p class='ocr_par' dir='ltr' id='par_1_7' title="bbox 183 3822 1409 4523">
     <span class='ocr_line' id='line_1_30' title="bbox 245 3822 1404 3930; baseline -0.017 -15"><span class='ocrx_word' id='word_1_248' title='bbox 245 3849 307 3915; x_wconf 89' lang='lat' dir='ltr'>Hic</span> <span class='ocrx_word' id='word_1_249' title='bbox 322 3844 541 3913; x_wconf 87' lang='lat' dir='ltr'>anacoluthon</span> <span class='ocrx_word' id='word_1_250' title='bbox 553 3866 595 3912; x_wconf 82' lang='lat' dir='ltr'>eu</span> <span class='ocrx_word' id='word_1_251' title='bbox 607 3864 646 3911; x_wconf 91' lang='lat' dir='ltr'>ea</span> <span class='ocrx_word' id='word_1_252' title='bbox 657 3822 693 3909; x_wconf 90' lang='lat' dir='ltr'>re</span> <span class='ocrx_word' id='word_1_253' title='bbox 709 3849 813 3910; x_wconf 90' lang='lat' dir='ltr'>ortum</span> <span class='ocrx_word' id='word_1_254' title='bbox 829 3850 890 3923; x_wconf 70' lang='lat' dir='ltr'>est,</span> <span class='ocrx_word' id='word_1_255' title='bbox 913 3843 1000 3930; x_wconf 91' lang='lat' dir='ltr'>quod</span> <span class='ocrx_word' id='word_1_256' title='bbox 1016 3862 1088 3909; x_wconf 90' lang='lat' dir='ltr'>cum</span> <span class='ocrx_word' id='word_1_257' title='bbox 1112 3838 1236 3924; x_wconf 88' lang='lat' dir='ltr'>quaein</span> <span class='ocrx_word' id='word_1_258' title='bbox 1254 3832 1404 3919; x_wconf 88' lang='lat' dir='ltr'>proposi-</span> 
     </span>
     <span class='ocr_line' id='line_1_31' title="bbox 183 3950 1406 4052; baseline -0.016 -17"><span class='ocrx_word' id='word_1_259' title='bbox 183 3970 271 4035; x_wconf 88' lang='lat' dir='ltr'>tione</span> <span class='ocrx_word' id='word_1_260' title='bbox 301 3957 450 4052; x_wconf 85' lang='lat' dir='ltr'>sequenti</span> <span class='ocrx_word' id='word_1_261' title='bbox 481 3964 620 4030; x_wconf 84' lang='lat' dir='ltr'>dicendu</span> <span class='ocrx_word' id='word_1_262' title='bbox 651 3968 762 4045; x_wconf 88' lang='lat' dir='ltr'>erant,</span> <span class='ocrx_word' id='word_1_263' title='bbox 791 3962 974 4049; x_wconf 88' lang='lat' dir='ltr'>propositio</span> <span class='ocrx_word' id='word_1_264' title='bbox 1005 3954 1199 4025; x_wconf 88' lang='lat' dir='ltr'>antecedens</span> <span class='ocrx_word' id='word_1_265' title='bbox 1229 3950 1406 4029; x_wconf 87' lang='lat' dir='ltr'>contiueat,</span> 
     </span>
     <span class='ocr_line' id='line_1_32' title="bbox 183 4071 1406 4172; baseline -0.016 -20"><span class='ocrx_word' id='word_1_266' title='bbox 183 4088 217 4152; x_wconf 90' lang='lat' dir='ltr'>in</span> <span class='ocrx_word' id='word_1_267' title='bbox 262 4084 488 4172; x_wconf 83' lang='lat' dir='ltr'>propositione</span> <span class='ocrx_word' id='word_1_268' title='bbox 528 4082 677 4166; x_wconf 90' lang='lat' dir='ltr'>sequenti</span> <span class='ocrx_word' id='word_1_269' title='bbox 720 4100 820 4147; x_wconf 86' lang='lat' dir='ltr'>causa</span> <span class='ocrx_word' id='word_1_270' title='bbox 867 4076 1034 4146; x_wconf 88' lang='lat' dir='ltr'>enunciati</span> <span class='ocrx_word' id='word_1_271' title='bbox 1080 4072 1223 4140; x_wconf 85' lang='lat' dir='ltr'>affertur.</span> <span class='ocrx_word' id='word_1_272' title='bbox 1288 4071 1406 4137; x_wconf 82' lang='lat' dir='ltr'>Custos</span> 
     </span>
     <span class='ocr_line' id='line_1_33' title="bbox 183 4187 1408 4285; baseline -0.016 -13"><span class='ocrx_word' id='word_1_273' title='bbox 183 4207 267 4272; x_wconf 90' lang='lat' dir='ltr'>enim</span> <span class='ocrx_word' id='word_1_274' title='bbox 289 4205 397 4270; x_wconf 89' lang='lat' dir='ltr'>dicere</span> <span class='ocrx_word' id='word_1_275' title='bbox 421 4201 505 4266; x_wconf 88' lang='lat' dir='ltr'>vult:</span> <span class='ocrx_word' id='word_1_276' title='bbox 538 4219 578 4264; x_wconf 90' lang='lat' dir='ltr'>ne</span> <span class='ocrx_word' id='word_1_277' title='bbox 601 4205 670 4266; x_wconf 90' lang='lat' dir='ltr'>turn</span> <span class='ocrx_word' id='word_1_278' title='bbox 704 4199 836 4285; x_wconf 82' lang='lat' dir='ltr'>quidem</span> <span class='ocrx_word' id='word_1_279' title='bbox 859 4218 930 4264; x_wconf 89' lang='lat' dir='ltr'>curn</span> <span class='ocrx_word' id='word_1_280' title='bbox 960 4195 994 4259; x_wconf 93' lang='lat' dir='ltr'>in</span> <span class='ocrx_word' id='word_1_281' title='bbox 1024 4193 1124 4260; x_wconf 91' lang='lat' dir='ltr'>cubili</span> <span class='ocrx_word' id='word_1_282' title='bbox 1151 4211 1234 4269; x_wconf 86' lang='lat' dir='ltr'>sum,</span> <span class='ocrx_word' id='word_1_283' title='bbox 1266 4187 1408 4255; x_wconf 86' lang='lat' dir='ltr'>dormire</span> 
     </span>
     <span class='ocr_line' id='line_1_34' title="bbox 183 4305 1409 4408; baseline -0.013 -20"><span class='ocrx_word' id='word_1_284' title='bbox 183 4327 349 4408; x_wconf 88' lang='lat' dir='ltr'>possum“,</span> <span class='ocrx_word' id='word_1_285' title='bbox 374 4322 429 4387; x_wconf 91' lang='lat' dir='ltr'>sed</span> <span class='ocrx_word' id='word_1_286' title='bbox 455 4340 527 4384; x_wconf 89' lang='lat' dir='ltr'>cum</span> <span class='ocrx_word' id='word_1_287' title='bbox 551 4317 659 4383; x_wconf 82' lang='lat' dir='ltr'>verbis</span> <span class='ocrx_word' id='word_1_288' title='bbox 689 4316 804 4404; x_wconf 76' lang='grc' dir='ltr'>,,ὀνει’ρ.</span> <span class='ocrx_word' id='word_1_289' title='bbox 830 4315 891 4381; x_wconf 82' lang='grc' dir='ltr'>ου’ν.</span> <span class='ocrx_word' id='word_1_290' title='bbox 916 4312 1043 4379; x_wconf 78' lang='grc' dir='ltr'>ἐπισκ.“</span> <span class='ocrx_word' id='word_1_291' title='bbox 1073 4305 1157 4378; x_wconf 83' lang='lat' dir='ltr'>illud</span> <span class='ocrx_word' id='word_1_292' title='bbox 1182 4312 1252 4396; x_wconf 90' lang='lat' dir='ltr'>jam</span> <span class='ocrx_word' id='word_1_293' title='bbox 1285 4309 1409 4375; x_wconf 89' lang='lat' dir='ltr'>dictum</span> 
     </span>
     <span class='ocr_line' id='line_1_35' title="bbox 184 4427 1371 4523; baseline -0.011 -19"><span class='ocrx_word' id='word_1_294' title='bbox 184 4442 238 4513; x_wconf 87' lang='lat' dir='ltr'>sit,</span> <span class='ocrx_word' id='word_1_295' title='bbox 262 4443 293 4504; x_wconf 90' lang='lat' dir='ltr'>in</span> <span class='ocrx_word' id='word_1_296' title='bbox 317 4440 540 4523; x_wconf 87' lang='lat' dir='ltr'>propositione</span> <span class='ocrx_word' id='word_1_297' title='bbox 565 4435 725 4520; x_wconf 81' lang='lat' dir='ltr'>sequenti,</span> <span class='ocrx_word' id='word_1_298' title='bbox 749 4455 805 4499; x_wconf 86' lang='lat' dir='ltr'>cnr</span> <span class='ocrx_word' id='word_1_299' title='bbox 828 4434 969 4500; x_wconf 87' lang='lat' dir='ltr'>dormire</span> <span class='ocrx_word' id='word_1_300' title='bbox 994 4452 1058 4496; x_wconf 91' lang='lat' dir='ltr'>non</span> <span class='ocrx_word' id='word_1_301' title='bbox 1081 4433 1196 4517; x_wconf 89' lang='lat' dir='ltr'>possit,</span> <span class='ocrx_word' id='word_1_302' title='bbox 1219 4427 1371 4514; x_wconf 83' lang='lat' dir='ltr'>explicat.</span> 
     </span>
    </p>
   </div>
   <div class='ocr_carea' id='block_1_5' title="bbox 0 0 1558 4894">
    <p class='ocr_par' dir='ltr' id='par_1_8' title="bbox 0 0 1558 4894">
     <span class='ocr_line' id='line_1_36' title="bbox 0 0 1558 4894; baseline 0 0"><span class='ocrx_word' id='word_1_303' title='bbox 0 0 1558 4894; x_wconf 95' lang='lat' dir='ltr'> </span> 
     </span>
    </p>
   </div>
  </div>
 </body>
</html>
