3092 4894
660 361 952 426 ..ιρὰ

195 527 268 594 Pro.
291 530 355 594 912
377 525 470 594 ’ἔσται
494 528 656 610 ταπεινός,
680 527 748 596 οἷον
772 525 973 621 ἐξαρτύεται
997 521 1184 623 γ’ίιμονρτυ
1202 533 1255 598 διὰ
1281 535 1422 615 τοῦτον,

194 636 249 723 tu
272 645 356 714 alius
378 648 468 714 modi
483 648 561 714 Cho.
577 646 768 716 27οαῖτιοι
790 647 916 740 πατρός
937 671 996 737 pro
1020 647 1123 718 αίτιοι
1148 646 1256 736 φόνου
1272 653 1421 747 πατρός,

193 766 255 848 Ag.
280 765 363 831 1622
386 764 479 852 κᾶγῶ
504 765 679 855 πρόκωπος
699 787 760 854 pro
784 768 884 851 ξίφος
905 764 1086 858 πρόκωπον
1110 765 1212 856 ἔχων,
1242 772 1307 853 Ag.
1333 774 1419 838 1376

194 877 228 962 ὃς
250 874 288 948 σίν
311 887 493 972 προτιμῶν,
528 880 664 972 ῶσπερεῖ
687 887 795 964 βοτοῦ
818 882 1074 977 μόρον-ἔθυσεν
1098 880 1204 954 αὑτοῦ
1229 887 1334 964 παῖδα
1355 911 1418 976 pro

157 1052 168 1062 .
194 995 228 1079 ὃς
247 988 351 1090 μόρον
374 1002 491 1082 παιδός
513 996 550 1068 οὐ
574 1006 746 1094 προτιμῶν
770 1002 861 1069 ἀλλὰ
883 1006 991 1096 τιμῶν
1014 999 1171 1093 ῶσπερέί;
1194 1006 1361 1090 singulare
1438 1095 1442 1100 ἡ

219 1120 282 1200 Ag.
303 1122 364 1186 831
410 1119 466 1186 καῖ
490 1129 548 1188 τὸν
571 1123 631 1213 μὲν
655 1120 758 1213 ἥκειν,
780 1121 839 1190 τὸν
854 1124 880 1188 δ’
903 1122 1109 1212 ἐπεισφέρειν
1134 1125 1240 1192 κακοῦ

409 1237 525 1306 κάκιον
556 1238 643 1307 ἄλλο
675 1246 790 1331 πῆμα,
822 1238 1010 1321 λάσκοντας
1037 1239 1166 1332 δομοις,

193 1355 267 1438 ubi,
296 1376 368 1423 cum
390 1361 430 1426 de
462 1362 589 1430 duabus
622 1364 875 1429 constructionis
908 1361 1056 1448 partibus
1088 1361 1260 1448 particulis
1290 1362 1416 1450 μέν.δὲ

193 1474 279 1542 inter
301 1495 335 1542 se
348 1477 472 1566 junctis
489 1482 579 1565 prior
595 1480 791 1566 imperfecta
812 1481 866 1559 sit,
888 1485 997 1546 tamen
1013 1498 1053 1544 ea
1065 1479 1201 1546 alterius
1218 1499 1305 1566 pars,
1329 1501 1413 1566 quae

193 1592 237 1658 ad
249 1594 392 1680 priorem
410 1616 536 1683 quoque
549 1598 722 1665 referenda
742 1602 801 1677 est,
819 1616 885 1664 non
899 1604 970 1664 tota
987 1598 1051 1663 sed*
1063 1601 1191 1663 mutata
1205 1598 1248 1663 ad
1270 1599 1414 1684 priorem

193 1711 339 1797 suppleri
362 1711 468 1792 debet,
491 1715 583 1783 deest
605 1717 690 1782 enim
714 1712 818 1781 κακὸν
846 1713 1159 1807 tripolensem
1187 1715 1337 1802 reliquus
1363 1726 1414 1784 est
1508 1715 1509 1728 ἐ

192 1849 271 1895 usus
285 1830 430 1912 genetivi
443 1832 531 1898 illius
542 1853 584 1903 ex
599 1835 821 1918 comparativo
835 1835 1018 1921 pendentis,
1033 1854 1095 1919 quo
1108 1854 1172 1899 non
1185 1835 1324 1899 alterum
1336 1835 1410 1901 sub·

193 1949 370 2014 stantivum
388 1967 462 2015 eum
479 1950 580 2016 altero
594 1951 654 2017 sed
667 1951 907 2019 substantivum
922 1951 1145 2030 comestione,
1165 1972 1247 2036 quae
1264 1955 1404 2034 genetivo

192 2064 388 2133 substantivi
419 2073 826 2156 notetur„comparetur‚
855 2069 947 2153 cujus
970 2071 1018 2135 rei
1041 2069 1192 2155 exempla
1212 2090 1279 2135 non
1309 2069 1406 2136 solum
1441 2117 1447 2126 .

131 2187 133 2196 ’
192 2184 281 2270 apud
296 2190 409 2271 poetas
425 2188 594 2254 sedetiam
612 2189 699 2273 apud
723 2174 900 2273 scriptores
923 2197 1112 2254 occurrunt:
1136 2187 1198 2269 Ag.
1213 2182 1410 2276 261χιίρμα
1452 2279 1455 2282 ¹
1510 2161 1511 2172 ἐ

192 2301 308 2391 μεῖζον
339 2300 469 2382 ἐλπίδος
502 2299 626 2388 κλύειν,
658 2295 719 2389 Ag·
746 2307 829 2372 1336
851 2306 1002 2394 κρεῖσσον
1040 2302 1275 2394 ἐκπηδήματος
1294 2308 1407 2383 (auda-

194 2420 324 2487 cissime
353 2421 506 2509 Sopbool.
530 2424 567 2492 0.
589 2423 626 2490 R.
658 2425 739 2490 1347
778 2423 950 2513 κρείσσον’.
971 2419 1128 2514 ἀγχόνης
1155 2424 1282 2507 majora
1315 2444 1412 2510 quam

193 2559 276 2625 quae
297 2543 471 2627 suspendio
491 2541 538 2608 lui
557 2542 700 2630 possint)
719 2546 782 2608 eto.
1142 2619 1145 2624 y

278 2659 357 2734 Cum
379 2661 413 2725 in
442 2659 653 2745 brachylogia
682 2660 807 2747 aliquid
839 2661 887 2737 sit,
903 2660 1047 2726 brevitor
1077 2660 1211 2738 dictum,
1246 2661 1281 2724 in
1304 2659 1413 2746 ellipsi

193 2775 328 2862 aliquid,
366 2780 453 2864 quod
482 2779 573 2844 nulla
603 2778 796 2846 difficultate
828 2798 869 2845 ex
898 2776 1142 2844 continuatione
1175 2777 1350 2843 verborum
1372 2778 1412 2844 ab

194 2895 401 2962 audientibus
424 2897 604 2983 suppletur,
638 2917 679 2963 ne
708 2897 834 2962 tardior
852 2896 897 2962 sit
926 2895 1047 2974 oratio,
1071 2881 1097 2959 a
1113 2899 1223 2988 po'e‘ta
1241 2897 1412 2964 omittitur.

195 3003 383 3094 invenimus
410 3022 522 3082 autem
559 3015 646 3101 apud
673 3013 874 3100 Aeschylum
904 3015 1042 3079 omissa:
1079 3011 1288 3078 substantiva
1322 3016 1437 3097 ρῆσινΙ
1511 3063 1512 3070 ,

194 3131 255 3213 Ag.
278 3133 341 3197 883
363 3138 395 3197 et
417 3133 501 3198 1255
528 3130 662 3222 μακρὰν
695 3130 850 3198 ἐκτείνειν
879 3130 996 3218 (Soph.
1017 3131 1081 3214 Ay.
1108 3131 1190 3196 1040
1211 3130 1288 3194 Eur.
1326 3131 1413 3197 Med.

193 3249 310 3329 1340),
343 3234 403 3337 ἐπες
427 3250 490 3332 Ag.
513 3251 595 3316 1027
621 3243 659 3316 οὗ
681 3246 749 3341 μὴν
778 3248 869 3316 πλέιυ
902 3250 1065 3339 ρίψασα,
1084 3244 1217 3336 γνῶμιςν
1247 3247 1307 3330 Ag.
1333 3250 1416 3314 1330

195 3359 323 3455 rubruc
347 3365 500 3448 ἐπαινεῖν,
524 3361 1255 3458 τριβήνΑς.1040οὕτοι-σχολή-τρίβειν,
1279 3363 1413 3453 πληγήν

194 3486 255 3567 Ag.
283 3487 364 3552 1346
386 3486 502 3576 τρίτην
525 3473 729 3576 ἐπενδίδωμι,
753 3480 909 3574 ζεύγλαις
930 3487 991 3568 Ag.
1015 3485 1099 3550 1610
1122 3477 1230 3571 ζεύξω
1252 3483 1412 3570 βαρείαις

195 3603 312 3670 verba:
339 3607 367 3670 1.
390 3606 491 3672 verba
512 3606 604 3673 finita
625 3605 688 3688 Ag.
712 3607 793 3672 1331
817 3587 973 3693 κυροῦνθ’
1000 3600 1089 3681 ὅπως
1111 3610 1168 3683 (sc.
1195 3601 1313 3690 κυρεῖ),
1335 3599 1409 3666 Cho.

177 3723 260 3788 elo
280 3723 339 3785 ποῖ
369 3720 662 3814 Κλυταιμνήστρα
686 3701 746 3810 (so.
769 3720 865 3810 ἔβη),
896 3723 991 3789 Eum.
1013 3721 1075 3787 738
1098 3721 1153 3786 νῦν
1176 3713 1323 3805 ἂγχᾶνμς
1349 3704 1406 3801 μοι

196 3838 353 3929 τέρματ’,
388 3837 408 3927 ty*
432 3838 519 3924 φάος
539 3841 679 3921 βλέπειν
709 3846 771 3922 (se
792 3839 883 3931 μένει
915 3842 1002 3926 quod
1033 3840 1166 3907 verbum
1197 3854 1268 3902 eum
1297 3830 1409 3896 dativo

196 3958 237 4025 ab
260 3958 423 4046 Aeschylo
442 3959 536 4044 jungi
563 3966 677 4027 notum
708 3959 793 4046 est),
823 3957 911 4025 Pers.
934 3959 998 4025 208
1021 3953 1039 4024 δ’
1064 3957 1091 4021 δ’
1115 3945 1205 4019 οὐδὲν
1230 3945 1318 4016 ῶλλο
1350 3950 1411 4033 (sc.

197 4072 378 4165 ἐποίει)’ἧ’,
400 4079 474 4146 Pro.
497 4081 559 4147 919
582 4075 645 4165 ἐγὼ
669 4077 743 4145 τῶδ’
767 4071 858 4161 οῖδα,
893 4061 949 4164 χῷ
973 4072 1088 4165 τρόπςυ
1120 4077 1180 4159 (se.
1209 4069 1414 4158 γενήσεται);

154 4187 157 4192 ’
196 4198 226 4262 2.
249 4197 444 4264 infinitivum
467 4197 528 4282 Ag.
549 4197 616 4265 ,902
638 4197 677 4263 τί
687 4195 712 4261 δ’
734 4193 776 4262 α’ίν
800 4195 892 4262 δοκεῖ
913 4217 964 4261 σοι
988 4195 1141 4283 Πρίαμος
1162 4198 1222 4270 (se.
1245 4189 1365 4270 ποιεῖν)
1389 4189 1416 4252 εί

197 4312 273 4378 τάδ’
296 4309 424 4401 ἤνυσεν,
456 4315 534 4384 Cho.
560 4318 620 4383 113
644 4310 700 4380 καὶ
730 4312 845 4382 ταῦτα’
873 4305 1015 4405 μούστὶν
1049 4303 1172 4395 εὐσεβῆ
1204 4310 1293 4374 θεῶν
1324 4302 1417 4396 πάρα

199 4431 258 4541 φο.
284 4429 454 4515 ἐξαιτεῖν),
484 4438 514 4501 3.
530 4434 748 4520 >participium
771 4433 848 4499 Cho.
870 4433 934 4496 902
958 4423 1052 4494 οὔτοι
1070 4427 1098 4492 o’
1129 4425 1290 4522 ἀπέρριψ’
1313 4422 1342 4504 ἐς
1365 4420 1418 4490 δέ·
