<?xml version="1.0" encoding="UTF-8"?>
<!DOCTYPE html PUBLIC "-//W3C//DTD XHTML 1.0 Transitional//EN"
    "http://www.w3.org/TR/xhtml1/DTD/xhtml1-transitional.dtd">
<html xmlns="http://www.w3.org/1999/xhtml" xml:lang="en" lang="en">
 <head>
  <title>
</title>
<meta http-equiv="Content-Type" content="text/html;charset=utf-8" />
  <meta name='ocr-system' content='tesseract 3.04.00' />
  <meta name='ocr-capabilities' content='ocr_page ocr_carea ocr_par ocr_line ocrx_word'/>
</head>
<body>
  <div class='ocr_page' id='page_1' title='image "./dictionisaeschy00woltgoog_0008.png"; bbox 0 0 3092 4894; ppageno 0'>
   <div class='ocr_carea' id='block_1_1' title="bbox 205 1518 1450 4490">
    <p class='ocr_par' dir='ltr' id='par_1_1' title="bbox 207 1518 1450 2490">
     <span class='ocr_line' id='line_1_1' title="bbox 207 1518 1438 1658; baseline -0.002 -20"><span class='ocrx_word' id='word_1_1' title='bbox 207 1518 263 1641; x_wconf 81' lang='lat' dir='ltr'><strong>Ut</strong></span> <span class='ocrx_word' id='word_1_2' title='bbox 286 1574 447 1640; x_wconf 78' lang='lat' dir='ltr'><strong>dictiones</strong></span> <span class='ocrx_word' id='word_1_3' title='bbox 470 1575 654 1658; x_wconf 72' lang='lat' dir='ltr'>dialogicae</span> <span class='ocrx_word' id='word_1_4' title='bbox 674 1571 879 1657; x_wconf 86' lang='lat' dir='ltr'><strong>singulorum</strong></span> <span class='ocrx_word' id='word_1_5' title='bbox 909 1573 1111 1654; x_wconf 82' lang='lat' dir='ltr'><strong>tragicorum</strong></span> <span class='ocrx_word' id='word_1_6' title='bbox 1133 1576 1223 1638; x_wconf 86' lang='lat' dir='ltr'><strong>recte</strong></span> <span class='ocrx_word' id='word_1_7' title='bbox 1240 1571 1438 1655; x_wconf 69' lang='lat' dir='ltr'><strong>¹judicemus</strong></span> 
     </span>
     <span class='ocr_line' id='line_1_2' title="bbox 209 1687 1438 1776; baseline -0.003 -18"><span class='ocrx_word' id='word_1_8' title='bbox 209 1698 242 1759; x_wconf 87' lang='lat' dir='ltr'><strong>et</strong></span> <span class='ocrx_word' id='word_1_9' title='bbox 264 1693 490 1759; x_wconf 81' lang='lat' dir='ltr'><strong>discernamus</strong></span> <span class='ocrx_word' id='word_1_10' title='bbox 512 1711 580 1758; x_wconf 88' lang='lat' dir='ltr'><strong>non</strong></span> <span class='ocrx_word' id='word_1_11' title='bbox 602 1691 710 1758; x_wconf 91' lang='lat' dir='ltr'><strong>solum</strong></span> <span class='ocrx_word' id='word_1_12' title='bbox 731 1691 988 1776; x_wconf 85' lang='lat' dir='ltr'><strong>uniuscujusque</strong></span> <span class='ocrx_word' id='word_1_13' title='bbox 1015 1694 1136 1756; x_wconf 90' lang='lat' dir='ltr'><strong>natura</strong></span> <span class='ocrx_word' id='word_1_14' title='bbox 1162 1687 1357 1775; x_wconf 89' lang='lat' dir='ltr'><strong>indolesqne</strong></span> <span class='ocrx_word' id='word_1_15' title='bbox 1378 1689 1438 1755; x_wconf 86' lang='lat' dir='ltr'><strong>sed</strong></span> 
     </span>
     <span class='ocr_line' id='line_1_3' title="bbox 209 1804 1438 1898; baseline -0.004 -21"><span class='ocrx_word' id='word_1_16' title='bbox 209 1812 308 1878; x_wconf 84' lang='lat' dir='ltr'><strong>etiarn</strong></span> <span class='ocrx_word' id='word_1_17' title='bbox 331 1815 482 1896; x_wconf 87' lang='lat' dir='ltr'><strong>tempora</strong></span> <span class='ocrx_word' id='word_1_18' title='bbox 512 1811 631 1898; x_wconf 89' lang='lat' dir='ltr'><strong>quihus</strong></span> <span class='ocrx_word' id='word_1_19' title='bbox 659 1809 782 1875; x_wconf 87' lang='lat' dir='ltr'><strong>luerint</strong></span> <span class='ocrx_word' id='word_1_20' title='bbox 811 1809 906 1875; x_wconf 91' lang='lat' dir='ltr'><strong>nohis</strong></span> <span class='ocrx_word' id='word_1_21' title='bbox 933 1812 1012 1876; x_wconf 90' lang='lat' dir='ltr'><strong>suut</strong></span> <span class='ocrx_word' id='word_1_22' title='bbox 1044 1807 1307 1894; x_wconf 88' lang='lat' dir='ltr'><strong>contemplanda.</strong></span> <span class='ocrx_word' id='word_1_23' title='bbox 1352 1804 1438 1873; x_wconf 81' lang='lat' dir='ltr'><strong>llam</strong></span> 
     </span>
     <span class='ocr_line' id='line_1_4' title="bbox 208 1915 1435 2014; baseline -0.004 -19"><span class='ocrx_word' id='word_1_24' title='bbox 208 1947 284 1995; x_wconf 92' lang='lat' dir='ltr'><strong>cum</strong></span> <span class='ocrx_word' id='word_1_25' title='bbox 306 1929 490 2014; x_wconf 87' lang='lat' dir='ltr'><strong>Aeschylus</strong></span> <span class='ocrx_word' id='word_1_26' title='bbox 513 1934 635 1994; x_wconf 86' lang='lat' dir='ltr'><strong>natura</strong></span> <span class='ocrx_word' id='word_1_27' title='bbox 667 1933 820 1994; x_wconf 88' lang='lat' dir='ltr'><strong>austerus</strong></span> <span class='ocrx_word' id='word_1_28' title='bbox 842 1931 875 1992; x_wconf 87' lang='lat' dir='ltr'><strong>et</strong></span> <span class='ocrx_word' id='word_1_29' title='bbox 896 1925 1060 2007; x_wconf 86' lang='lat' dir='ltr'><strong>sublimis,</strong></span> <span class='ocrx_word' id='word_1_30' title='bbox 1090 1915 1269 2012; x_wconf 88' lang='lat' dir='ltr'><strong>Sophocles</strong></span> <span class='ocrx_word' id='word_1_31' title='bbox 1300 1943 1435 2012; x_wconf 88' lang='lat' dir='ltr'><strong>pressus</strong></span> 
     </span>
     <span class='ocr_line' id='line_1_5' title="bbox 210 2043 1437 2132; baseline -0.005 -18"><span class='ocrx_word' id='word_1_32' title='bbox 210 2051 244 2114; x_wconf 91' lang='lat' dir='ltr'><strong>et</strong></span> <span class='ocrx_word' id='word_1_33' title='bbox 266 2048 389 2122; x_wconf 84' lang='lat' dir='ltr'><strong>suavis,</strong></span> <span class='ocrx_word' id='word_1_34' title='bbox 402 2046 585 2132; x_wconf 86' lang='lat' dir='ltr'><strong>&#39;Euripides</strong></span> <span class='ocrx_word' id='word_1_35' title='bbox 607 2043 757 2111; x_wconf 88' lang='lat' dir='ltr'><strong>ducende</strong></span> <span class='ocrx_word' id='word_1_36' title='bbox 779 2049 877 2131; x_wconf 87' lang='lat' dir='ltr'><strong>aptus</strong></span> <span class='ocrx_word' id='word_1_37' title='bbox 893 2048 929 2112; x_wconf 89' lang='lat' dir='ltr'><strong>et</strong></span> <span class='ocrx_word' id='word_1_38' title='bbox 943 2064 1011 2110; x_wconf 90' lang='lat' dir='ltr'><strong>nen</strong></span> <span class='ocrx_word' id='word_1_39' title='bbox 1027 2048 1098 2110; x_wconf 79' lang='lat' dir='ltr'><strong>tam</strong></span> <span class='ocrx_word' id='word_1_40' title='bbox 1119 2043 1322 2110; x_wconf 77' lang='lat' dir='ltr'><strong>dramaticus</strong></span> <span class='ocrx_word' id='word_1_41' title='bbox 1338 2061 1437 2129; x_wconf 88' lang='lat' dir='ltr'><strong>quam</strong></span> 
     </span>
     <span class='ocr_line' id='line_1_6' title="bbox 210 2160 1439 2250; baseline -0.003 -19"><span class='ocrx_word' id='word_1_42' title='bbox 210 2171 322 2231; x_wconf 85' lang='lat' dir='ltr'><strong>orator</strong></span> <span class='ocrx_word' id='word_1_43' title='bbox 342 2164 453 2247; x_wconf 87' lang='lat' dir='ltr'><strong>fuerit,</strong></span> <span class='ocrx_word' id='word_1_44' title='bbox 485 2163 671 2249; x_wconf 81' lang='lat' dir='ltr'><strong>Aeschylus</strong></span> <span class='ocrx_word' id='word_1_45' title='bbox 693 2163 821 2250; x_wconf 89' lang='lat' dir='ltr'><strong>primus</strong></span> <span class='ocrx_word' id='word_1_46' title='bbox 842 2182 1029 2230; x_wconf 85' lang='lat' dir='ltr'><strong>sermonem</strong></span> <span class='ocrx_word' id='word_1_47' title='bbox 1051 2162 1214 2245; x_wconf 89' lang='lat' dir='ltr'><strong>tragicum</strong></span> <span class='ocrx_word' id='word_1_48' title='bbox 1236 2160 1382 2228; x_wconf 84' lang='lat' dir='ltr'><strong>excoluit</strong></span> <span class='ocrx_word' id='word_1_49' title='bbox 1404 2166 1439 2227; x_wconf 92' lang='lat' dir='ltr'><strong>et</strong></span> 
     </span>
     <span class='ocr_line' id='line_1_7' title="bbox 210 2268 1450 2372; baseline -0.006 -20"><span class='ocrx_word' id='word_1_50' title='bbox 210 2284 379 2372; x_wconf 83' lang='lat' dir='ltr'><strong>expolivit,</strong></span> <span class='ocrx_word' id='word_1_51' title='bbox 409 2271 590 2368; x_wconf 89' lang='lat' dir='ltr'><strong>Sophocles</strong></span> <span class='ocrx_word' id='word_1_52' title='bbox 612 2283 656 2349; x_wconf 91' lang='lat' dir='ltr'><strong>ad</strong></span> <span class='ocrx_word' id='word_1_53' title='bbox 684 2302 848 2349; x_wconf 90' lang='lat' dir='ltr'><strong>summum</strong></span> <span class='ocrx_word' id='word_1_54' title='bbox 877 2281 1049 2364; x_wconf 80' lang='lat' dir='ltr'><strong>fastigium</strong></span> <span class='ocrx_word' id='word_1_55' title='bbox 1078 2273 1229 2362; x_wconf 76' lang='lat' dir='ltr'><strong>adduxit,</strong></span> <span class='ocrx_word' id='word_1_56' title='bbox 1260 2268 1450 2366; x_wconf 85' lang='lat' dir='ltr'><strong>Euripides</strong></span> 
     </span>
     <span class='ocr_line' id='line_1_8' title="bbox 209 2402 1049 2490; baseline -0.005 -18"><span class='ocrx_word' id='word_1_57' title='bbox 209 2406 355 2490; x_wconf 86' lang='lat' dir='ltr'><strong>corrupit</strong></span> <span class='ocrx_word' id='word_1_58' title='bbox 377 2409 410 2470; x_wconf 92' lang='lat' dir='ltr'><strong>et</strong></span> <span class='ocrx_word' id='word_1_59' title='bbox 430 2403 556 2470; x_wconf 87' lang='lat' dir='ltr'><strong>forensi</strong></span> <span class='ocrx_word' id='word_1_60' title='bbox 578 2402 709 2471; x_wconf 90' lang='lat' dir='ltr'><strong>dicendi</strong></span> <span class='ocrx_word' id='word_1_61' title='bbox 732 2403 846 2486; x_wconf 79' lang='lat' dir='ltr'><strong>generi</strong></span> <span class='ocrx_word' id='word_1_62' title='bbox 867 2402 1049 2488; x_wconf 86' lang='lat' dir='ltr'><strong>adaptavit</strong></span> 
     </span>
    </p>

    <p class='ocr_par' dir='ltr' id='par_1_2' title="bbox 205 2513 1440 4490">
     <span class='ocr_line' id='line_1_9' title="bbox 297 2513 1440 2608; baseline -0.006 -21"><span class='ocrx_word' id='word_1_63' title='bbox 297 2521 413 2606; x_wconf 89' lang='lat' dir='ltr'><strong>ltaque</strong></span> <span class='ocrx_word' id='word_1_64' title='bbox 437 2521 524 2606; x_wconf 87' lang='lat' dir='ltr'><strong>apud</strong></span> <span class='ocrx_word' id='word_1_65' title='bbox 546 2519 741 2607; x_wconf 88' lang='lat' dir='ltr'><strong>Sophoclem</strong></span> <span class='ocrx_word' id='word_1_66' title='bbox 763 2540 925 2588; x_wconf 89' lang='lat' dir='ltr'><strong>summam</strong></span> <span class='ocrx_word' id='word_1_67' title='bbox 954 2541 1016 2608; x_wconf 90' lang='lat' dir='ltr'><strong>pro</strong></span> <span class='ocrx_word' id='word_1_68' title='bbox 1038 2519 1176 2602; x_wconf 85' lang='lat' dir='ltr'><strong>tragico,</strong></span> <span class='ocrx_word' id='word_1_69' title='bbox 1211 2535 1309 2604; x_wconf 86' lang='lat' dir='ltr'><strong>quern</strong></span> <span class='ocrx_word' id='word_1_70' title='bbox 1331 2516 1366 2582; x_wconf 92' lang='lat' dir='ltr'><strong>in</strong></span> <span class='ocrx_word' id='word_1_71' title='bbox 1388 2513 1440 2580; x_wconf 89' lang='lat' dir='ltr'><strong>di·</strong></span> 
     </span>
     <span class='ocr_line' id='line_1_10' title="bbox 208 2632 1437 2724; baseline -0.007 -18"><span class='ocrx_word' id='word_1_72' title='bbox 208 2640 313 2707; x_wconf 80' lang='lat' dir='ltr'><strong>uersis</strong></span> <span class='ocrx_word' id='word_1_73' title='bbox 336 2642 370 2706; x_wconf 90' lang='lat' dir='ltr'><strong>et</strong></span> <span class='ocrx_word' id='word_1_74' title='bbox 391 2637 533 2720; x_wconf 89' lang='lat' dir='ltr'><strong>ingeniis</strong></span> <span class='ocrx_word' id='word_1_75' title='bbox 556 2641 590 2704; x_wconf 91' lang='lat' dir='ltr'><strong>et</strong></span> <span class='ocrx_word' id='word_1_76' title='bbox 612 2639 798 2705; x_wconf 87' lang='lat' dir='ltr'><strong>animorum</strong></span> <span class='ocrx_word' id='word_1_77' title='bbox 819 2638 993 2706; x_wconf 83' lang='lat' dir='ltr'><strong>affectibus</strong></span> <span class='ocrx_word' id='word_1_78' title='bbox 1025 2636 1200 2724; x_wconf 84' lang='lat' dir='ltr'><strong>pingendis</strong></span> <span class='ocrx_word' id='word_1_79' title='bbox 1222 2633 1273 2702; x_wconf 90' lang='lat' dir='ltr'><strong>his</strong></span> <span class='ocrx_word' id='word_1_80' title='bbox 1297 2632 1437 2700; x_wconf 83' lang='lat' dir='ltr'><strong>diversi·</strong></span> 
     </span>
     <span class='ocr_line' id='line_1_11' title="bbox 209 2756 1437 2842; baseline -0.008 -16"><span class='ocrx_word' id='word_1_81' title='bbox 209 2758 334 2826; x_wconf 89' lang='lat' dir='ltr'><strong>tatibus</strong></span> <span class='ocrx_word' id='word_1_82' title='bbox 359 2775 543 2823; x_wconf 86' lang='lat' dir='ltr'><strong>sermonem</strong></span> <span class='ocrx_word' id='word_1_83' title='bbox 567 2758 677 2842; x_wconf 89' lang='lat' dir='ltr'><strong>ipsum</strong></span> <span class='ocrx_word' id='word_1_84' title='bbox 699 2758 918 2826; x_wconf 87' lang='lat' dir='ltr'><strong>accomodare</strong></span> <span class='ocrx_word' id='word_1_85' title='bbox 940 2756 1060 2824; x_wconf 84' lang='lat' dir='ltr'><strong>debere</strong></span> <span class='ocrx_word' id='word_1_86' title='bbox 1078 2774 1179 2842; x_wconf 44' lang='lat' dir='ltr'><strong>,nemo</strong></span> <span class='ocrx_word' id='word_1_87' title='bbox 1202 2772 1270 2823; x_wconf 85' lang='lat' dir='ltr'><strong>uon</strong></span> <span class='ocrx_word' id='word_1_88' title='bbox 1302 2769 1437 2818; x_wconf 90' lang='lat' dir='ltr'><strong>conces-</strong></span> 
     </span>
     <span class='ocr_line' id='line_1_12' title="bbox 209 2872 1434 2960; baseline -0.007 -17"><span class='ocrx_word' id='word_1_89' title='bbox 209 2876 301 2954; x_wconf 90' lang='lat' dir='ltr'><strong>serit,</strong></span> <span class='ocrx_word' id='word_1_90' title='bbox 324 2874 482 2940; x_wconf 89' lang='lat' dir='ltr'><strong>orationis</strong></span> <span class='ocrx_word' id='word_1_91' title='bbox 505 2873 726 2940; x_wconf 88' lang='lat' dir='ltr'><strong>constantiam</strong></span> <span class='ocrx_word' id='word_1_92' title='bbox 750 2879 783 2940; x_wconf 91' lang='lat' dir='ltr'><strong>et</strong></span> <span class='ocrx_word' id='word_1_93' title='bbox 804 2872 1084 2960; x_wconf 86' lang='lat' dir='ltr'><strong>aequabilitatem,</strong></span> <span class='ocrx_word' id='word_1_94' title='bbox 1115 2889 1280 2938; x_wconf 90' lang='lat' dir='ltr'><strong>summam</strong></span> <span class='ocrx_word' id='word_1_95' title='bbox 1302 2872 1434 2936; x_wconf 85' lang='lat' dir='ltr'><strong>seuten-</strong></span> 
     </span>
     <span class='ocr_line' id='line_1_13' title="bbox 210 2986 1439 3072; baseline -0.007 -12"><span class='ocrx_word' id='word_1_96' title='bbox 210 2995 332 3061; x_wconf 91' lang='lat' dir='ltr'><strong>tiarum</strong></span> <span class='ocrx_word' id='word_1_97' title='bbox 356 2993 549 3058; x_wconf 88' lang='lat' dir='ltr'><strong>varietatem</strong></span> <span class='ocrx_word' id='word_1_98' title='bbox 573 2996 608 3057; x_wconf 90' lang='lat' dir='ltr'><strong>et</strong></span> <span class='ocrx_word' id='word_1_99' title='bbox 630 2990 785 3072; x_wconf 90' lang='lat' dir='ltr'><strong>colorem,</strong></span> <span class='ocrx_word' id='word_1_100' title='bbox 815 2992 917 3059; x_wconf 83' lang='lat' dir='ltr'><strong>verba</strong></span> <span class='ocrx_word' id='word_1_101' title='bbox 938 3010 1069 3058; x_wconf 87' lang='lat' dir='ltr'><strong>summa</strong></span> <span class='ocrx_word' id='word_1_102' title='bbox 1091 2987 1267 3070; x_wconf 81' lang='lat' dir='ltr'><strong>diligentia</strong></span> <span class='ocrx_word' id='word_1_103' title='bbox 1294 2986 1383 3053; x_wconf 89' lang='lat' dir='ltr'><strong>lecta</strong></span> <span class='ocrx_word' id='word_1_104' title='bbox 1404 2991 1439 3054; x_wconf 92' lang='lat' dir='ltr'><strong>et</strong></span> 
     </span>
     <span class='ocr_line' id='line_1_14' title="bbox 210 3104 1438 3208; baseline -0.007 -30"><span class='ocrx_word' id='word_1_105' title='bbox 210 3109 389 3197; x_wconf 86' lang='lat' dir='ltr'><strong>exquisita,</strong></span> <span class='ocrx_word' id='word_1_106' title='bbox 411 3109 552 3195; x_wconf 90' lang='lat' dir='ltr'><strong>denique</strong></span> <span class='ocrx_word' id='word_1_107' title='bbox 576 3115 681 3176; x_wconf 90' lang='lat' dir='ltr'><strong>totum</strong></span> <span class='ocrx_word' id='word_1_108' title='bbox 705 3109 827 3208; x_wconf 79' lang='lat' dir='ltr'><strong>dialogi</strong></span> <span class='ocrx_word' id='word_1_109' title='bbox 849 3129 1034 3178; x_wconf 84' lang='lat' dir='ltr'><strong>sermonem</strong></span> <span class='ocrx_word' id='word_1_110' title='bbox 1056 3108 1210 3176; x_wconf 89' lang='lat' dir='ltr'><strong>omnihus</strong></span> <span class='ocrx_word' id='word_1_111' title='bbox 1231 3105 1375 3172; x_wconf 88' lang='lat' dir='ltr'><strong>numeris</strong></span> <span class='ocrx_word' id='word_1_112' title='bbox 1390 3104 1438 3170; x_wconf 90' lang='lat' dir='ltr'><strong>ita</strong></span> 
     </span>
     <span class='ocr_line' id='line_1_15' title="bbox 208 3221 1438 3324; baseline -0.007 -28"><span class='ocrx_word' id='word_1_113' title='bbox 208 3229 391 3316; x_wconf 83' lang='lat' dir='ltr'><strong>perlectum</strong></span> <span class='ocrx_word' id='word_1_114' title='bbox 414 3227 667 3314; x_wconf 78' lang='lat' dir='ltr'><strong>etahsclutum,</strong></span> <span class='ocrx_word' id='word_1_115' title='bbox 689 3233 726 3294; x_wconf 90' lang='lat' dir='ltr'><strong>ut</strong></span> <span class='ocrx_word' id='word_1_116' title='bbox 747 3227 925 3294; x_wconf 88' lang='lat' dir='ltr'><strong>iu&#39;houam</strong></span> <span class='ocrx_word' id='word_1_117' title='bbox 953 3235 1084 3316; x_wconf 89' lang='lat' dir='ltr'><strong>partem</strong></span> <span class='ocrx_word' id='word_1_118' title='bbox 1109 3226 1181 3324; x_wconf 77' lang='lat' dir='ltr'><strong>J&#39;anr</strong></span> <span class='ocrx_word' id='word_1_119' title='bbox 1203 3221 1286 3292; x_wconf 89' lang='lat' dir='ltr'><strong>nihil</strong></span> <span class='ocrx_word' id='word_1_120' title='bbox 1315 3222 1438 3289; x_wconf 87' lang='lat' dir='ltr'><strong>mutari</strong></span> 
     </span>
     <span class='ocr_line' id='line_1_16' title="bbox 210 3341 1437 3434; baseline -0.007 -20"><span class='ocrx_word' id='word_1_121' title='bbox 210 3348 327 3434; x_wconf 88' lang='lat' dir='ltr'><strong>possit,</strong></span> <span class='ocrx_word' id='word_1_122' title='bbox 351 3347 553 3423; x_wconf 87' lang='lat' dir='ltr'><strong>invenimus;</strong></span> <span class='ocrx_word' id='word_1_123' title='bbox 586 3345 677 3432; x_wconf 89' lang='lat' dir='ltr'><strong>apud</strong></span> <span class='ocrx_word' id='word_1_124' title='bbox 698 3345 893 3432; x_wconf 85' lang='lat' dir='ltr'><strong>Euripidem</strong></span> <span class='ocrx_word' id='word_1_125' title='bbox 918 3347 1056 3413; x_wconf 89' lang='lat' dir='ltr'><strong>eandem</strong></span> <span class='ocrx_word' id='word_1_126' title='bbox 1079 3343 1148 3412; x_wconf 83' lang='lat' dir='ltr'><strong>iere</strong></span> <span class='ocrx_word' id='word_1_127' title='bbox 1169 3363 1209 3409; x_wconf 89' lang='lat' dir='ltr'><strong>ac</strong></span> <span class='ocrx_word' id='word_1_128' title='bbox 1231 3341 1343 3430; x_wconf 88' lang='lat' dir='ltr'><strong>potius</strong></span> <span class='ocrx_word' id='word_1_129' title='bbox 1364 3359 1437 3407; x_wconf 89' lang='lat' dir='ltr'><strong>ma·</strong></span> 
     </span>
     <span class='ocr_line' id='line_1_17' title="bbox 205 3460 1436 3551; baseline -0.006 -20"><span class='ocrx_word' id='word_1_130' title='bbox 205 3464 319 3550; x_wconf 86' lang='lat' dir='ltr'><strong>jurem&#39;</strong></span> <span class='ocrx_word' id='word_1_131' title='bbox 337 3483 437 3550; x_wconf 88' lang='lat' dir='ltr'><strong>quam</strong></span> <span class='ocrx_word' id='word_1_132' title='bbox 453 3463 541 3549; x_wconf 89' lang='lat' dir='ltr'><strong>apud</strong></span> <span class='ocrx_word' id='word_1_133' title='bbox 557 3463 751 3550; x_wconf 87' lang='lat' dir='ltr'><strong>Sophoclem</strong></span> <span class='ocrx_word' id='word_1_134' title='bbox 774 3464 937 3530; x_wconf 86' lang='lat' dir='ltr'><strong>sermonis</strong></span> <span class='ocrx_word' id='word_1_135' title='bbox 959 3460 1228 3551; x_wconf 86' lang='lat' dir='ltr'><strong>aequabilitatem</strong></span> <span class='ocrx_word' id='word_1_136' title='bbox 1250 3461 1298 3527; x_wconf 92' lang='lat' dir='ltr'><strong>ita</strong></span> <span class='ocrx_word' id='word_1_137' title='bbox 1311 3464 1349 3525; x_wconf 91' lang='lat' dir='ltr'><strong>ut</strong></span> <span class='ocrx_word' id='word_1_138' title='bbox 1371 3477 1436 3526; x_wconf 90' lang='lat' dir='ltr'><strong>nou</strong></span> 
     </span>
     <span class='ocr_line' id='line_1_18' title="bbox 209 3576 1435 3668; baseline -0.006 -20"><span class='ocrx_word' id='word_1_139' title='bbox 209 3587 278 3656; x_wconf 86' lang='lat' dir='ltr'><strong>tam</strong></span> <span class='ocrx_word' id='word_1_140' title='bbox 301 3600 391 3646; x_wconf 90' lang='lat' dir='ltr'><strong>more</strong></span> <span class='ocrx_word' id='word_1_141' title='bbox 420 3582 549 3662; x_wconf 82' lang='lat' dir='ltr'><strong>tragico</strong></span> <span class='ocrx_word' id='word_1_142' title='bbox 580 3601 741 3668; x_wconf 87' lang='lat' dir='ltr'><strong>personas</strong></span> <span class='ocrx_word' id='word_1_143' title='bbox 773 3601 815 3648; x_wconf 84' lang='lat' dir='ltr'><strong>ex</strong></span> <span class='ocrx_word' id='word_1_144' title='bbox 845 3582 1029 3649; x_wconf 91' lang='lat' dir='ltr'><strong>animorum</strong></span> <span class='ocrx_word' id='word_1_145' title='bbox 1061 3579 1234 3648; x_wconf 84' lang='lat' dir='ltr'><strong>affectibus</strong></span> <span class='ocrx_word' id='word_1_146' title='bbox 1265 3576 1435 3664; x_wconf 82' lang='lat' dir='ltr'><strong>loquentes</strong></span> 
     </span>
     <span class='ocr_line' id='line_1_19' title="bbox 209 3695 1438 3785; baseline -0.006 -19"><span class='ocrx_word' id='word_1_147' title='bbox 209 3700 312 3781; x_wconf 90' lang='lat' dir='ltr'><strong>fingat</strong></span> <span class='ocrx_word' id='word_1_148' title='bbox 335 3715 433 3785; x_wconf 92' lang='lat' dir='ltr'><strong>quam</strong></span> <span class='ocrx_word' id='word_1_149' title='bbox 464 3719 555 3766; x_wconf 89' lang='lat' dir='ltr'><strong>more</strong></span> <span class='ocrx_word' id='word_1_150' title='bbox 576 3699 703 3767; x_wconf 79' lang='lat' dir='ltr'><strong>sorensi</strong></span> <span class='ocrx_word' id='word_1_151' title='bbox 724 3719 782 3766; x_wconf 85' lang='lat' dir='ltr'><strong>res</strong></span> <span class='ocrx_word' id='word_1_152' title='bbox 801 3701 888 3766; x_wconf 87' lang='lat' dir='ltr'><strong>inter</strong></span> <span class='ocrx_word' id='word_1_153' title='bbox 911 3717 947 3766; x_wconf 90' lang='lat' dir='ltr'><strong>se</strong></span> <span class='ocrx_word' id='word_1_154' title='bbox 980 3699 1151 3785; x_wconf 87' lang='lat' dir='ltr'><strong>penderet,</strong></span> <span class='ocrx_word' id='word_1_155' title='bbox 1181 3695 1378 3764; x_wconf 84' lang='lat' dir='ltr'><strong>facilitatem</strong></span> <span class='ocrx_word' id='word_1_156' title='bbox 1402 3699 1438 3760; x_wconf 86' lang='lat' dir='ltr'><strong>et</strong></span> 
     </span>
     <span class='ocr_line' id='line_1_20' title="bbox 209 3813 1437 3905; baseline -0.006 -21"><span class='ocrx_word' id='word_1_157' title='bbox 209 3818 377 3884; x_wconf 86' lang='lat' dir='ltr'><strong>levitatem</strong></span> <span class='ocrx_word' id='word_1_158' title='bbox 402 3834 423 3881; x_wconf 88' lang='lat' dir='ltr'><strong>a</strong></span> <span class='ocrx_word' id='word_1_159' title='bbox 445 3816 617 3895; x_wconf 81' lang='lat' dir='ltr'><strong>cothurno,</strong></span> <span class='ocrx_word' id='word_1_160' title='bbox 650 3836 747 3905; x_wconf 89' lang='lat' dir='ltr'><strong>quem</strong></span> <span class='ocrx_word' id='word_1_161' title='bbox 780 3835 947 3904; x_wconf 89' lang='lat' dir='ltr'><strong>nunquam</strong></span> <span class='ocrx_word' id='word_1_162' title='bbox 969 3816 1113 3885; x_wconf 87' lang='lat' dir='ltr'><strong>deseruit</strong></span> <span class='ocrx_word' id='word_1_163' title='bbox 1142 3813 1331 3902; x_wconf 87' lang='lat' dir='ltr'><strong>Sophocles,</strong></span> <span class='ocrx_word' id='word_1_164' title='bbox 1360 3829 1437 3898; x_wconf 86' lang='lat' dir='ltr'><strong>per·</strong></span> 
     </span>
     <span class='ocr_line' id='line_1_21' title="bbox 209 3927 1435 4023; baseline -0.007 -21"><span class='ocrx_word' id='word_1_165' title='bbox 209 3953 310 4020; x_wconf 86' lang='lat' dir='ltr'><strong>saepe</strong></span> <span class='ocrx_word' id='word_1_166' title='bbox 334 3933 475 4001; x_wconf 86' lang='lat' dir='ltr'><strong>alienam</strong></span> <span class='ocrx_word' id='word_1_167' title='bbox 499 3941 532 4003; x_wconf 89' lang='lat' dir='ltr'><strong>et</strong></span> <span class='ocrx_word' id='word_1_168' title='bbox 554 3936 596 4001; x_wconf 93' lang='lat' dir='ltr'><strong>ad</strong></span> <span class='ocrx_word' id='word_1_169' title='bbox 619 3955 743 4002; x_wconf 89' lang='lat' dir='ltr'><strong>murem</strong></span> <span class='ocrx_word' id='word_1_170' title='bbox 775 3936 969 4002; x_wconf 88' lang='lat' dir='ltr'><strong>concionum</strong></span> <span class='ocrx_word' id='word_1_171' title='bbox 1002 3935 1205 4023; x_wconf 86' lang='lat' dir='ltr'><strong>adaptatam,</strong></span> <span class='ocrx_word' id='word_1_172' title='bbox 1239 3949 1306 4020; x_wconf 84' lang='lat' dir='ltr'><strong>qua</strong></span> <span class='ocrx_word' id='word_1_173' title='bbox 1327 3947 1363 3996; x_wconf 92' lang='lat' dir='ltr'><strong>re</strong></span> <span class='ocrx_word' id='word_1_174' title='bbox 1386 3927 1435 3994; x_wconf 83' lang='lat' dir='ltr'><strong>in·</strong></span> 
     </span>
     <span class='ocr_line' id='line_1_22' title="bbox 209 4051 1435 4135; baseline -0.003 -15"><span class='ocrx_word' id='word_1_175' title='bbox 209 4052 341 4120; x_wconf 89' lang='lat' dir='ltr'><strong>terdum</strong></span> <span class='ocrx_word' id='word_1_176' title='bbox 363 4051 541 4135; x_wconf 78' lang='lat' dir='ltr'><strong>garrulitas</strong></span> <span class='ocrx_word' id='word_1_177' title='bbox 564 4052 715 4131; x_wconf 83' lang='lat' dir='ltr'><strong>eflicitur,</strong></span> <span class='ocrx_word' id='word_1_178' title='bbox 738 4053 977 4121; x_wconf 88' lang='lat' dir='ltr'><strong>abundantiam</strong></span> <span class='ocrx_word' id='word_1_179' title='bbox 1000 4053 1247 4129; x_wconf 87' lang='lat' dir='ltr'><strong>sententiarum,</strong></span> <span class='ocrx_word' id='word_1_180' title='bbox 1269 4063 1352 4134; x_wconf 75' lang='lat' dir='ltr'><strong>quat</strong></span> <span class='ocrx_word' id='word_1_181' title='bbox 1374 4063 1435 4132; x_wconf 79' lang='lat' dir='ltr'><strong>per</strong></span> 
     </span>
     <span class='ocr_line' id='line_1_23' title="bbox 211 4159 1434 4258; baseline -0.007 -20"><span class='ocrx_word' id='word_1_182' title='bbox 211 4171 363 4257; x_wconf 79' lang='lat' dir='ltr'><strong>seipsae</strong></span> <span class='ocrx_word' id='word_1_183' title='bbox 392 4171 544 4253; x_wconf 80' lang='lat' dir='ltr'><strong>egregiae</strong></span> <span class='ocrx_word' id='word_1_184' title='bbox 565 4175 676 4238; x_wconf 89' lang='lat' dir='ltr'><strong>tamen</strong></span> <span class='ocrx_word' id='word_1_185' title='bbox 708 4171 826 4238; x_wconf 90' lang='lat' dir='ltr'><strong>melius</strong></span> <span class='ocrx_word' id='word_1_186' title='bbox 848 4191 870 4238; x_wconf 89' lang='lat' dir='ltr'><strong>a</strong></span> <span class='ocrx_word' id='word_1_187' title='bbox 890 4171 1059 4255; x_wconf 89' lang='lat' dir='ltr'><strong>magistris</strong></span> <span class='ocrx_word' id='word_1_188' title='bbox 1086 4175 1119 4238; x_wconf 88' lang='lat' dir='ltr'><strong>et</strong></span> <span class='ocrx_word' id='word_1_189' title='bbox 1146 4161 1350 4258; x_wconf 85' lang='lat' dir='ltr'><strong>philosophis</strong></span> <span class='ocrx_word' id='word_1_190' title='bbox 1384 4159 1434 4230; x_wconf 86' lang='lat' dir='ltr'><strong>di·</strong></span> 
     </span>
     <span class='ocr_line' id='line_1_24' title="bbox 211 4281 1432 4376; baseline -0.007 -20"><span class='ocrx_word' id='word_1_191' title='bbox 211 4293 329 4356; x_wconf 86' lang='lat' dir='ltr'><strong>cuntur</strong></span> <span class='ocrx_word' id='word_1_192' title='bbox 351 4307 455 4376; x_wconf 86' lang='lat' dir='ltr'><strong>neque</strong></span> <span class='ocrx_word' id='word_1_193' title='bbox 479 4288 616 4356; x_wconf 92' lang='lat' dir='ltr'><strong>heroum</strong></span> <span class='ocrx_word' id='word_1_194' title='bbox 638 4289 779 4374; x_wconf 88' lang='lat' dir='ltr'><strong>ingeniis</strong></span> <span class='ocrx_word' id='word_1_195' title='bbox 809 4289 927 4372; x_wconf 88' lang='lat' dir='ltr'><strong>dignae</strong></span> <span class='ocrx_word' id='word_1_196' title='bbox 959 4292 1045 4366; x_wconf 91' lang='lat' dir='ltr'><strong>sunt,</strong></span> <span class='ocrx_word' id='word_1_197' title='bbox 1077 4286 1216 4372; x_wconf 88' lang='lat' dir='ltr'><strong>denique</strong></span> <span class='ocrx_word' id='word_1_198' title='bbox 1244 4281 1432 4358; x_wconf 76' lang='lat' dir='ltr'><strong>termarum,</strong></span> 
     </span>
     <span class='ocr_line' id='line_1_25' title="bbox 211 4394 1429 4490; baseline -0.005 -18"><span class='ocrx_word' id='word_1_199' title='bbox 211 4407 318 4489; x_wconf 84' lang='lat' dir='ltr'><strong>metri,</strong></span> <span class='ocrx_word' id='word_1_200' title='bbox 341 4406 442 4472; x_wconf 91' lang='lat' dir='ltr'><strong>tutius</strong></span> <span class='ocrx_word' id='word_1_201' title='bbox 471 4407 629 4475; x_wconf 89' lang='lat' dir='ltr'><strong>orationis</strong></span> <span class='ocrx_word' id='word_1_202' title='bbox 659 4405 902 4490; x_wconf 85' lang='lat' dir='ltr'><strong>negligentiam,</strong></span> <span class='ocrx_word' id='word_1_203' title='bbox 935 4402 1134 4472; x_wconf 87' lang='lat' dir='ltr'><strong>imminentis</strong></span> <span class='ocrx_word' id='word_1_204' title='bbox 1168 4394 1361 4481; x_wconf 79' lang='lat' dir='ltr'><strong>tragoediae</strong></span> <span class='ocrx_word' id='word_1_205' title='bbox 1384 4397 1429 4466; x_wconf 89' lang='lat' dir='ltr'><strong>ln·</strong></span> 
     </span>
    </p>
   </div>
   <div class='ocr_carea' id='block_1_2' title="bbox 1258 4561 1290 4624">
    <p class='ocr_par' dir='ltr' id='par_1_3' title="bbox 1258 4561 1290 4624">
     <span class='ocr_line' id='line_1_26' title="bbox 1258 4561 1290 4624; baseline 0 -26"><span class='ocrx_word' id='word_1_206' title='bbox 1258 4561 1290 4624; x_wconf 59' lang='lat'><strong>1*</strong></span> 
     </span>
    </p>
   </div>
   <div class='ocr_carea' id='block_1_3' title="bbox 0 0 1556 4894">
    <p class='ocr_par' dir='ltr' id='par_1_4' title="bbox 0 0 1556 4894">
     <span class='ocr_line' id='line_1_27' title="bbox 0 0 1556 4894; baseline 0 0"><span class='ocrx_word' id='word_1_207' title='bbox 0 0 1556 4894; x_wconf 95' lang='lat' dir='ltr'><strong> </strong></span> 
     </span>
    </p>
   </div>
  </div>
 </body>
</html>
