3092 4894
511 299 893 393 ...6-

147 519 150 525 ·
215 497 275 579 Ag.
306 501 366 564 781
413 500 641 589 ἀνδροθνῆτας
663 489 764 568 Ἰλίου
789 498 921 590 φθορὰς

412 615 440 695 ἐς
464 615 650 709 αἱματηρὸν
675 617 799 705 τεῦχος
822 610 860 684 οὐ
885 616 1098 708 διχορρόπως

409 738 552 822 ψήφους
575 734 693 804 ἔθεντο

152 849 209 917 ubi
231 853 451 921 audacissime
473 843 616 942 ψήφους
633 839 765 932 Ι’ἔνεον-ό
780 856 964 942 dupliciter,
999 857 1041 922 ed
1066 853 1200 946 φθορὰς
1222 875 1280 943 pro
1304 856 1377 943 ebu-

154 967 330 1056 φίζεσθαι,
354 975 490 1060 proprie
512 975 645 1044 notione
667 974 855 1060 praeditum
877 973 920 1040 ed
944 971 1127 1061 ἐς-τεῦχος
1150 973 1191 1043 ub
1210 973 1377 1060 Aeschylo

152 1087 297 1175 positum
330 1096 380 1158 est
402 1097 434 1158 et
456 1092 524 1178 Spb.
547 1092 612 1159 552
635 1075 769 1156 κακοῖσι
791 1087 895 1179 βαίζει
919 1087 1033 1156 πολλαί
1058 1091 1186 1170 Τυδέως
1209 1091 1289 1171 βίαν
1312 1111 1374 1176 pro

63 1188 65 1192 7
153 1203 268 1271 πολλὰ
292 1206 477 1296 κακολογεῖ
498 1209 626 1288 Τυδέως
645 1209 738 1287 βίαν.
848 1248 864 1283 ,ν

238 1323 368 1408 Deinde
396 1326 579 1414 Aeschylus
612 1325 875 1410 conjunctionem
912 1330 1047 1395 duorum
1082 1328 1375 1408 substantivorum,

155 1463 291 1530 quorum
314 1443 452 1511 alterum
474 1465 576 1548 genus
600 1445 740 1514 alterum
768 1448 914 1531 speeiem
946 1445 1128 1528 signifieat,
1163 1464 1258 1531 quem
1280 1465 1374 1510 usum
1435 1489 1438 1494 -
1543 1427 1544 1488 ί

155 1563 284 1628 dicendi
311 1562 440 1630 Atticos
464 1568 496 1629 et
522 1553 698 1650 praecipue
721 1570 867 1644 oratores
890 1564 925 1631 in
948 1582 1010 1629 uno
1042 1563 1192 1629 vocativo
1226 1582 1376 1628 servasse

153 1685 268 1746 notum
300 1687 366 1758 est,
402 1680 579 1762 Homerum
612 1685 745 1750 secutus
767 1680 801 1746 in
825 1680 975 1747 omnibus
1008 1681 1146 1778 casibus·
1168 1680 1283 1748 babet:
1316 1700 1376 1745 no·

154 1800 273 1864 minat:
293 1797 364 1884 spt.
377 1798 439 1864 447
458 1794 539 1886 ἀνὴρ
555 1796 580 1862 δ’
593 1796 746 1886 ὁπλίτης,
766 1797 843 1864 Cho.
855 1799 916 1864 981
941 1795 1099 1885 φηλήτης
1121 1797 1215 1886 ἁνήρ,
1230 1798 1321 1863 Eum.
1337 1801 1379 1864 16.

155 1893 349 2004 πρυμνὴν-μς
363 1911 462 1997 όναξ,
480 1915 573 1982 Eum.
584 1917 656 1983 -293
674 1915 849 2001 ταγοῦχος
864 1909 903 1993 ὡς
919 1915 1013 2006 ἀνὴρ,
1034 1917 1104 2002 spt.
1116 1917 1158 1981 42
1179 1910 1290 2003 ἄνδρες
1306 1913 1375 2004 νόρ

155 2033 380 2121 -λοχαχὲταις
393 2041 498 2117 genet:
517 2033 630 2119 Suppl.
641 2035 704 2099 248
718 2028 831 2115 φωτὸς
845 2033 972 2120 ίατροῢ,
985 2033 1076 2098 Eum,
1087 2033 1288 2120 448ιίνδριῖιν
1300 2045 1378 2099 ναυ-

154 2155 284 2231 βατῶνς
306 2154 379 2219 dat:
404 2153 465 2234 Ag.
479 2151 562 2217 1596
586 2147 674 2239 ἀνδρί
692 2154 885 2239 στρατηγῷ,
909 2137 978 2237 Sps.
992 2151 1055 2217 586
1071 2145 1129 2215 σίιν
1151 2148 1307 2230 πολίταις
1320 2151 1377 2216 α’ν-

157 2268 287 2355 δρόσιν;
322 2292 434 2338 aucus:
458 2271 552 2354 Eum.
576 2272 636 2336 757
661 2266 889 2358 όνδραδεῢρο
913 2272 1127 2358 opuntiorum
1161 2277 1274 2337 vocat:
1299 2270 1380 2338 cho.
1473 2279 1477 2287 ’

157 2394 199 2457 74
223 2386 329 2480 δμωαί
350 2383 515 2479 'uenat-etot.
560 2387 769 2455 simillimum
792 2392 852 2469 est,
883 2389 911 2454 si
933 2407 1116 2474 pronomen
1138 2389 1179 2452 nd
1202 2407 1376 2474 personam

155 2494 324 2596 pertinens
337 2526 411 2572 eum
425 2505 643 2580 substantivo,
662 2505 747 2591 quod
764 2513 893 2591 partem
908 2506 1239 2598 eorporissignifieat
1261 2505 1377 2574 eodem

157 2608 238 2694 essu
267 2625 483 2708 cunjungitur,
518 2617 614 2708 quam
650 2623 786 2706 figuram
820 2626 942 2711 σχῆμα
977 2622 1055 2687 καθ’
1089 2619 1170 2688 ὅλον
1203 2619 1259 2707 καί
1281 2623 1379 2714 μέρος

155 2762 311 2812 vocamus
333 2742 408 2810 Cho.
435 2743 494 2808 177
519 2737 590 2832 ἐμοὶ
614 2741 779 2831 προσέστη
813 2740 946 2828 καρδία,
980 2739 1092 2826 Suppl.
1125 2741 1191 2808 364
1213 2740 1322 2824 φόβος
1342 2739 1386 2831 μ’,

158 2861 232 2950 ἔχει
265 2861 404 2951 φρένας,
437 2860 531 2926 Eum.
564 2861 603 2926 17
630 2883 677 2924 νιν
707 2856 823 2927 ἔνθεον
854 2858 971 2934 κτίσας
1001 2856 1119 2945 φρένα,
1149 2859 1242 2925 Eum.
1266 2861 1305 2926 91
1327 2855 1376 2948 μὴ

158 2976 267 3066 φόβος
290 3001 324 3044 σε
349 2975 475 3043 νικάτω
500 2976 630 3066 φρένας,
655 2977 721 3045 Cho
747 2977 828 3044 1052
858 2978 1031 3041 ποταίνιον
1055 2959 1121 3065 γὰρ
1142 2972 1284 3066 Ἰαίμοίσοι
1314 3003 1377 3064 χε-

160 3100 240 3188 ροῖν,
264 3097 320 3182 (ef.
342 3095 440 3182 Sopb.
461 3093 579 3161 Traeh.
602 3095 676 3174 778,
698 3099 757 3179 Αν.
781 3095 845 3161 408
868 3094 945 3178 ete.)
968 3094 1189 3183 audacissime
1200 3093 1292 3162 Pers.
1314 3096 1376 3162 821

158 3219 247 3296 θῖνες
269 3212 452 3304 σιςμανοῦσι
476 3209 687 3301 τριτοσπόρῳ
711 3207 975 3301 γονῇ-ὄμμασιν
997 3214 1142 3300 βροτῶν.

243 3335 294 3401 Ex
307 3352 368 3400 usu
387 3331 582 3420 pleonasmi,
605 3333 645 3398 de
663 3351 726 3417 quo
745 3332 833 3396 infra
846 3330 1018 3396 dicendum
1041 3332 1113 3414 erit,
1136 3331 1170 3397 id
1194 3331 1311 3411 solum,
1335 3333 1378 3401 ab

159 3453 268 3531 verba,
281 3470 364 3538 quae
376 3451 452 3538 quid
473 3448 626 3517 sensibus
643 3450 844 3542 perejpiatur
864 3449 1058 3530 significant,
1079 3449 1286 3516 abundanter
1303 3469 1376 3516 sen-

160 3590 233 3638 sum
243 3571 352 3654 ipsum
364 3567 452 3644 eddi,
466 3568 507 3633 ad
520 3585 614 3632 usum
625 3566 762 3633 Homeri
774 3566 982 3633 referendum
996 3573 1056 3647 est;
1069 3567 1145 3634 talis
1158 3566 1288 3649 generis
1302 3574 1379 3634 sunt

159 3689 252 3755 Eum.
265 3686 307 3753 35
330 3684 526 3774 ὀφθαλμοῖς
548 3684 690 3773 δρακεῖν,
712 3684 774 3750 Pro
797 3687 839 3752 69
862 3684 1049 3751 δυσθέατον
1072 3678 1214 3775 όμμασι,
1239 3685 1318 3751 Pers
1335 3687 1382 3750 49

161 3826 204 3873 an
220 3800 374 3892 φοβερόν
388 3797 471 3889 ὅφιν
488 3801 718 3892 προσιδέσθαι,
735 3803 848 3890 Suppl.
860 3803 923 3869 686
947 3795 1095 3891 όμμασιν
1112 3801 1275 3881 βλέπουσ’
1294 3800 1384 3882 ὁδόνς

150 3911 278 3990 'similis
299 3921 510 4007 pleonasmus
533 3919 608 3987 Cho«
624 3921 686 3988 733
710 3918 741 4017 ἐν
759 3920 903 4010 στέρνοις
926 3918 1044 4008 φρένα,
1064 3925 1097 3986 et
1117 3921 1180 4004 Ag.
1202 3920 1266 3988 519
1289 3919 1379 3985 ἐνδα-

163 4034 363 4131 κρύειν.(νθΙ
387 4030 578 4126 ἑκδακρίιειν
601 4039 778 4106 secundum
801 4039 1039 4120 Hermannum)
1066 4033 1207 4127 όμμασι.

247 4160 283 4226 In
306 4156 606 4247 comparationibus
627 4177 679 4226 res
704 4178 778 4224 eum
800 4179 836 4224 re
858 4163 1050 4244 temperata
1070 4158 1237 4245 particule
1258 4159 1382 4225 omissa

164 4277 399 4360 immiscetur,
428 4283 464 4345 ut
483 4277 553 4361 jam
576 4295 642 4342 non
663 4277 770 4360 imago
794 4279 851 4344 sed
882 4276 1046 4362 appositio
1069 4279 1129 4344 sit:
1168 4277 1229 4359 Ag.
1254 4277 1316 4342 769
1339 4295 1382 4342 eu

163 4390 289 4482 θάρσος
311 4388 461 4460 ἑκούσιον
485 4388 620 4483 ἀνδράσι
632 4395 819 4478 θνήσκουσι
844 4393 990 4482 κομίζων
1013 4393 1382 4475 „animosmorientium
